2020 3027
462 42 617 144 PRO¹
641 88 836 144 LEGE
872 88 1216 144 MANILIA.
1286 87 1439 146 cAP.
1471 93 1513 146 8.
1721 91 1783 147 11

198 218 500 277 concidanta
599 220 772 288 Quare
817 220 1010 291 videte,
1056 180 1595 277 iiiiffi'dubitandum
1639 221 1787 277 vobis

196 299 285 365 sit,
309 300 452 357 omni
477 300 653 356 studio
689 301 759 356 ad
782 301 840 355 id
874 301 1076 371 bellum
1110 301 1424 364 incumbere,
1447 301 1507 354 in
1535 318 1640 371 quo
1675 276 1935 370 glo-“0⁹²5

194 379 279 432 ria
300 380 530 434 nominis
553 380 731 446 vestri,
758 380 901 434 salus
924 380 1201 449 sociorum,
1227 379 1513 448 vectigalia
1535 379 1783 447 maxima,
1831 345 1947 420 'fb

195 455 423 512 fortunae
447 457 796 526 plurimorum
819 456 1032 511 civium.
1045 455 1342 528 conjunctae
1364 474 1489 510 cum
1511 457 1785 528 republica

197 533 570 599 defendantur.

267 611 422 667 Vm.
463 612 727 679 Quoniam
751 613 818 667 de
841 631 1033 682 genere
1053 613 1180 668 belli
1205 613 1335 679 dixi,
1363 631 1509 667 nunc
1542 613 1608 666 de
1638 630 1786 681 mag·
1802 620 1863 668 20

195 689 440 744 nitudine
474 708 647 760 pauca
682 690 872 746 dicam.
947 691 1132 745 Potest
1166 693 1310 746 enim
1345 692 1446 746 hoc
1481 690 1623 745 dici:
1660 689 1787 743 belli

194 784 364 836 genus
411 786 521 824 esse
561 770 641 823 ita
686 769 1055 836 necessarium,
1097 776 1159 824 ut
1201 772 1270 823 sit
1311 769 1641 839 gerendum3
1677 784 1786 821 non

195 861 307 899 esse
352 845 430 898 ita
464 863 739 914 magnum,
774 850 839 899 ut
886 847 958 900 sit
998 846 1495 916 pertimescendum.
1572 844 1643 896 In
1680 861 1784 914 quo

193 923 426 977 maxime
458 922 806 977 laborandum
842 916 955 990 est,x
977 942 1049 978 ne
1082 925 1219 978 forte
1254 943 1317 978 ea
1353 924 1515 990 vobis,
1548 939 1669 992 quae
1706 923 1785 974 di·

194 999 540 1068 ligentissime
581 1001 907 1071 providenda
949 1007 1091 1067 sunt,
1133 1001 1520 1056 contemnenda
1557 1019 1667 1054 esse
1708 1000 1785 1052 vi-

196 1076 436 1133 deantur.
505 1080 698 1149 Atque,
725 1084 790 1132 ut
814 1097 993 1134 omnes
1013 1080 1340 1148 intelligant,
1364 1097 1450 1132 me
1474 1079 1534 1131 L.
1561 1078 1783 1132 Lucullo

194 1159 408 1209 tantum
444 1156 715 1227 impertire
756 1157 949 1225 laudis,
991 1164 1258 1227 quantum
1297 1157 1424 1211 forti
1462 1157 1574 1211 viro
1612 1163 1668 1209 et
1706 1173 1785 1208 sa—

194 1234 523 1301 pientissimo
563 1234 768 1287 homini
806 1245 861 1287 et
898 1252 1095 1304 magno
1142 1235 1447 1305 imperatori
1495 1233 1784 1288 debeatur:

196 1311 331 1373 dico,
355 1314 469 1382 ejus
493 1312 729 1367 adventu
750 1313 1012 1366 maximas
1036 1312 1373 1368 Mithridatis
1409 1312 1585 1382 copias
1616 1312 1784 1365 omni-

194 1387 296 1442 bus
330 1389 487 1442 rebus
523 1396 733 1443 ornatas
767 1395 931 1459 atque
963 1391 1255 1449 instructas
1289 1391 1453 1444 fuisse
1492 1389 1783 1459 urbemque

194 1467 338 1521 Asiae
385 1466 728 1522 clarissimam
774 1467 1030 1538 nobisque
1076 1468 1452 1523 amicissimam
1498 1465 1783 1537 Cyziceno-

194 1563 317 1599 rum
341 1545 603 1600 obsessam
633 1551 745 1599 esse
767 1545 834 1599 ab
868 1547 982 1616 ipso
1013 1563 1136 1615 rege
1170 1547 1407 1601 maxima
1435 1545 1784 1602 multitudine

195 1629 252 1677 et
299 1628 664 1694 oppugnatam
712 1622 1189 1689 vehementissime,
1229 1639 1392 1694 quam
1431 1622 1497 1679 L.
1522 1622 1783 1677 Lucullus

193 1702 410 1768 virtute,
444 1702 772 1765 assiduitate,
810 1701 1028 1755 consilio
1071 1703 1291 1755 summis
1325 1702 1610 1756 obsidionis
1645 1702 1783 1771 peri-

194 1780 330 1833 culis
366 1779 640 1834 liberavit:
679 1778 747 1832 ab
788 1779 971 1832 eodem
1012 1780 1326 1849 Mperatore
1373 1780 1591 1834 classem
1637 1785 1852 1848 mag-21

194 1875 321 1911 nam
343 1862 400 1911 et
434 1864 689 1923 ornatam,
714 1874 832 1927 quae
870 1856 1097 1912 ducibus
1131 1857 1444 1912 Sertorianis
1468 1857 1539 1910 ad
1562 1853 1780 1911 Italiam

194 1935 372 1989 studio
407 1935 736 1989 inflammato
782 1940 1073 2003 raperetur,
1116 1941 1417 2004 superatam
1460 1952 1571 1988 esse
1618 1940 1780 2003 atque

195 2013 520 2083 depressam:
558 2030 778 2081 magnas
814 2013 1050 2067 hostium
1092 2021 1343 2082 praeterea
1382 2013 1559 2083 copias
1596 2011 1781 2065 multis

193 2090 386 2163 proeliis
430 2105 565 2145 esse·
589 2090 802 2154 deletas,
851 2091 1283 2161 patefactumque
1328 2092 1520 2144 nostris
1561 2090 1783 2160 legioni-

193 2169 295 2223 bus
329 2186 438 2223 esse
474 2170 721 2235 Pontum,
747 2168 839 2239 qui
875 2174 1001 2225 ante
1034 2169 1232 2239 populo
1269 2169 1505 2225 Romano
1541 2186 1610 2221 ex
1634 2169 1779 2221 omni

195 2248 348 2301 aditu
385 2247 594 2301 clausus
634 2246 855 2300 fuisset:
906 2245 1139 2315 Sinopen
1178 2251 1339 2317 atque
1380 2247 1638 2312 Amisum,
1665 2247 1780 2317 qui-

193 2323 298 2380 bus
337 2325 396 2378 in
433 2324 665 2398 oppidiQ
679 2330 830 2400 erant
872 2323 1142 2378 domicilia
1180 2324 1321 2393 regis
1356 2324 1600 2377 omnibus
1623 2323 1780 2377 rebus

195 2405 384 2458 ornata
412 2408 575 2471 atque
602 2387 812 2472 regesta,
837 2406 1140 2471 ceterasque
1172 2401 1327 2455 urbes
1360 2402 1518 2455 Ponti
1552 2406 1609 2454 et
1640 2400 1780 2470 Cap-

195 2479 425 2549 padociae
470 2471 760 2549 permultas
806 2495 914 2532 uno
960 2478 1114 2532 aditu
1161 2484 1324 2549 atque
1380 2479 1615 2533 adventu
1671 2495 1782 2532 esse

190 2563 404 2622 captas:
440 2570 634 2621 regem,
672 2555 958 2621 spoliatum
997 2570 1163 2621 regno
1204 2555 1471 2634 patrita&
1511 2573 1577 2630 ue
1612 2555 1778 2642 agito,

190 2632 261 2689 ad
285 2632 414 2685 alios
437 2648 492 2685 se
515 2646 663 2699 reges
686 2635 846 2701 atque
868 2631 938 2684 ad
962 2630 1095 2683 alias
1117 2638 1303 2699 gentes
1335 2648 1472 2702 supp
1514 2621 1633 2688 &effi
1652 2649 1776 2686 con-

189 2708 408 2768 tulisse:
443 2715 604 2779 atque
638 2707 752 2763 haec
785 2708 976 2776 omnia,
1014 2705 1172 2764 salvis
1204 2709 1392 2781 populi
1434 2710 1657 2768 Romani
1693 2726 1775 2767 ιο-
