2020 3027
232 84 297 136 12
880 86 1150 142 ORATIO

224 218 320 271 ciis
367 222 527 288 atque
572 218 794 288 integris
841 219 1204 288 vectigalibus,
1252 236 1363 274 esse
1409 223 1576 290 gesta.
1667 217 1816 273 Satis

223 295 408 362 opinor
431 297 531 349 hoc
554 313 671 367 ‚esse
702 297 888 362 laudis,
915 304 1076 367 atque
1108 299 1199 362 ita,
1230 298 1473 366 QuiriteS,
1498 304 1563 352 ut
1593 297 1694 351 hoc
1716 313 1815 350 vos

221 371 552 442 intelligatiS,
576 391 610 426 a
643 374 792 427 nullo
825 376 1064 438 istorum,
1089 376 1183 444 qui
1212 375 1337 429 huic
1372 375 1671 429 obtrectant
1701 374 1815 443 legi

222 453 382 517 atque
417 467 600 517 causae,
628 450 690 504 L.
718 451 1005 505 Lucullum
1042 453 1285 506 similiter
1319 471 1387 506 ex
1421 453 1521 506 hoc
1553 451 1664 506 loco
1699 469 1813 505 esse

147 527 206 574 22
221 522 514 579 laudatum.
588 528 680 581 IX.
716 527 1039 598 Requiretur
1085 531 1304 583 fortasse
1348 547 1507 596 nunc,
1556 529 1809 599 quemad·

221 603 453 671 modum,
489 622 656 674 quum
703 606 815 660 haec
861 607 940 659 ita
980 607 1103 670 sint,
1141 599 1402 677 reliquum
1448 607 1614 676 possit
1658 624 1811 675 mag-

222 697 352 732 num
393 699 503 734 esse
538 682 751 736 bellum.
826 683 1149 751 Cognoscite‚
1190 683 1432 747 Quirites,
1503 684 1625 737 Non
1664 685 1811 750 enim

221 757 321 810 hoc
380 759 492 812 sine
553 777 710 812 causa
768 760 932 829 quaeri
990 761 1217 814 videtur.
1292 761 1533 813 Primum
1590 779 1659 814 ex
1711 778 1809 815 suo

220 852 381 903 regno
423 837 498 889 sic
534 836 875 890 Mithridates
902 838 1163 906 profugit,
1201 844 1266 891 ut
1303 855 1370 890 ex
1412 839 1594 891 eodem
1635 838 1809 890 Ponto

220 911 412 967 Medea
445 914 540 966 illa
575 915 840 983 quondam
877 916 1171 984 profugisse
1208 916 1444 980 dicitur3
1480 932 1640 985 quam
1673 910 1811 983 prae-

221 990 402 1043 dicant
425 991 482 1044 in
505 991 638 1060 fuga
658 992 838 1044 fratris
864 993 946 1045 sui
984 993 1220 1046 membra
1253 993 1313 1045 in
1346 994 1412 1045 iis
1435 993 1579 1057 lociS,
1606 1009 1714 1062 qua
1749 1009 1809 1047 se

221 1085 406 1136 parens
445 1075 855 1138 persequeretur,
900 1070 1245 1139 dissipavisse,
1280 1075 1345 1122 ut
1368 1086 1547 1123 eorum
1565 1070 1809 1123 collectio

220 1145 452 1215 dispersa
497 1163 788 1215 maerorque
834 1147 1039 1215 patrius
1088 1147 1407 1201 celeritatem
1456 1147 1810 1216 persequendi

218 1223 523 1276 retardaret.
599 1223 685 1276 Sic
729 1223 1075 1277 Mithridates
1109 1225 1337 1292 fugiens,
1370 1225 1659 1277 maximam
1694 1223 1809 1278 vim

217 1301 333 1353 auri
358 1306 518 1370 atque
533 1301 738 1368 argenti
764 1301 1340 1371 pulcherrimarumque
1354 1319 1529 1354 rerum
1546 1301 1804 1366 omnium,

217 1395 346 1448 quas
371 1384 425 1430 et
446 1395 480 1431 a
509 1377 795 1446 majoribus
826 1387 1113 1446 acceperat,
1142 1384 1196 1431 et
1226 1379 1339 1447 ipse
1371 1379 1506 1432 bello
1539 1379 1808 1444 superiore

217 1473 284 1508 ex
322 1461 436 1508 tota
472 1455 601 1510 Asia
642 1455 872 1526 direptas
910 1456 968 1508 in
1007 1473 1163 1508 suum
1198 1474 1421 1525 regnum
1455 1462 1804 1525 congesserat,
1853 1515 1856 1516 ⁷

215 1535 273 1587 in
297 1534 475 1600 Ponto.
492 1551 698 1588 omnem
723 1533 972 1603 reliquit..
1032 1535 1166 1587 Haec
1199 1534 1328 1586 dum
1350 1534 1518 1587 nostri
1542 1534 1809 1602 colligunt

216 1612 393 1665 omnia
434 1611 759 1680 diligentiuS,
800 1628 896 1665 rex
937 1610 1049 1680 ipse
1091 1629 1120 1663 e
1155 1612 1400 1670 manibus
1436 1610 1639 1678 effugit.
1715 1611 1809 1667 Ita.

213 1689 369 1742 illum
409 1689 468 1741 in
500 1689 851 1758 persequendi
890 1688 1065 1741 studio
1117 1704 1316 1750 maeror,
1354 1687 1448 1740 hos
1489 1687 1679 1741 laetitia
1712 1706 1797 1742 re-
1815 1697 1832 1713 ³

137 1774 198 1821 23
216 1765 458 1820 tardavit.
556 1767 715 1819 Hunc
762 1766 819 1817 in
867 1766 958 1817 illo
1005 1766 1193 1818 timore
1241 1771 1296 1817 et
1342 1764 1471 1831 fuga
1534 1764 1808 1832 'Pigrane8‚

212 1861 308 1897 rex
365 1844 665 1907 Armenius,
714 1844 939 1912 excepit,
988 1841 1417 1909 diffidentemque
1474 1840 1630 1893 rebus
1690 1844 1808 1897 suis

213 1921 558 1984 confirmavit,
595 1929 650 1974 et
683 1920 939 1972 afflictum
973 1919 1157 1982 erexit,
1197 1919 1567 1987 perditumque
1601 1935 1822 1988 recrea-‚

214 1999 308 2052 vit.
382 1998 550 2068 Cujus
574 1998 632 2051 in
664 2014 888 2065 regnum
920 2003 1261 2065 posteaquam
1300 1995 1357 2047 L.
1384 1994 1639 2048 Lucullus
1675 2013 1806 2053 cum

213 2076 450 2129 exercitu
474 2076 634 2139 venit,
663 2074 840 2143 plures
874 2073 1035 2125 etiam
1076 2078 1258 2140 gentes
1296 2077 1478 2125 contra
1518 2072 1806 2142 imperato-

211 2171 321 2206 rem
356 2160 597 2207 nostrum
635 2152 912 2206 concitatae
948 2155 1088 2203 sunt.
1165 2149 1298 2202 Erat
1333 2150 1476 2203 enim
1509 2157 1683 2203 metus
1718 2154 1805 2205 in-

204 2234 379 2302 jectus
415 2232 481 2284 iis
516 2230 835 2293 nationibus,
863 2245 994 2297 quas
1030 2244 1323 2297 numquam
1356 2228 1585 2297 populus
1609 2229 1805 2284 Roma-

211 2327 313 2363 nus
355 2327 527 2379 neque
561 2307 890 2362 lacessendas
924 2304 1075 2371 bello,
1115 2323 1285 2377 neque
1319 2307 1601 2360 tentandas
1642 2316 1804 2377 puta-

212 2389 306 2442 vit.
376 2387 508 2443 Erat
543 2387 705 2441 etiam
740 2385 848 2439 alia
881 2385 1059 2453 gravis
1094 2391 1254 2456 atque
1290 2385 1569 2439 vehemens
1604 2386 1804 2455 opinio,
1875 2435 1882 2444 ,

211 2483 331 2535 quae
389 2466 590 2519 animos
639 2462 881 2531 gentium
931 2460 1286 2515 barbararum·
1319 2469 1635 2531 pervaserat,
1684 2464 1804 2519 fani

210 2542 609 2613 locupletissimi
658 2546 712 2593 et
758 2539 1138 2608 religiosissimi
1193 2539 1478 2610 diripiendi
1536 2558 1694 2595 causa
1741 2542 1803 2596 in

211 2638 300 2674 eas
335 2637 453 2674 oras
488 2624 731 2672 nostrum
768 2617 1060 2671 exercitum
1084 2636 1194 2672 esse
1218 2618 1525 2671 adductum.
1597 2618 1682 2673 Ita
1705 2636 1803 2673 na-

211 2698 383 2753 tiones
417 2697 607 2752 multae
643 2701 805 2765 atque
839 2712 1046 2765 magnae
1081 2712 1218 2751 novo
1253 2696 1484 2767 quodam
1519 2702 1715 2752 terrore
1736 2714 1806 2753 ac

236 2803 289 2848 *a
