2020 3027
459 103 600 154 PRO
636 101 830 152 LEGE
864 99 1202 151 MANILIA.
1240 168 1243 172 ⁴
1272 100 1424 150 CAP.
1446 102 1527 150 22.
1726 97 1789 146 29

199 236 372 292 tatem
404 235 490 290 vel
524 238 709 289 contra
749 251 944 302 omnes,
981 233 1075 305 qui
1115 232 1456 323 dissentiunt,
1537 231 1666 286 ossit
1702 230 1789 284 de-

200 313 446 369 fendere:
507 318 784 385 propterea
841 314 996 383 quod,
1048 313 1166 367 istis
1223 297 1534 365 recfaffissfiti
1568 328 1648 375 us,
1697 323 1791 362 vos

201 406 376 445 unum
407 390 563 446 illum
595 408 665 445 ex
700 390 945 444 omnibus¹
976 389 1263 458 delegistis,
1300 406 1460 458 quem
1493 386 1631 442 bello
1665 403 1791 456 prae-

203 468 405 523 donum
449 468 841 538 praeponeretis.
940 468 1059 522 Hoc
1118 466 1165 520 si
1211 483 1303 520 vos
1351 472 1548 520 temere
1594 465 1793 519 fecistis
1809 466 1873 516 64

203 552 261 600 et
305 546 610 618 reipublicae
650 563 842 615 parum
890 543 1244 610 consuluistis,
1284 551 1426 597 recte
1473 543 1565 619 isti
1617 542 1796 596 studia
1823 537 1945 600 Ua.

203 630 380 679 vestra
415 624 525 678 suis
560 623 792 678 consiliis
826 640 1007 693 regere
1043 613 1340 686 conantum
1375 620 1456 674 sin
1494 625 1672 674 autem
1703 635 1796 673 vos
1888 610 1978 645 Μ’

203 701 329 771 plus
368 706 486 755 tum
521 701 580 754 in
619 698 892 770 republica
924 699 1150 763 vidistis,
1186 715 1293 763 vos,
1331 697 1415 751 his
1454 697 1798 767 repugnanti-

203 778 321 845 bus,
358 797 453 849 per
476 768 830 849 “vosmetipsos
865 777 1189 908 dignitate?
1209 776 1317 861 1hui
1383 774 1620 845 imperio,
1661 768 1799 828 salu-

205 860 319 910 tem
342 857 455 911 orbi
478 861 740 911 terrarum
763 856 1055 910 attulistis:
1091 873 1125 909 a
1148 848 1308 925 iqu‘aTn
1348 872 1378 908 o
1409 853 1502 907 isti
1534 853 1799 922 principes

206 938 264 987 et
298 933 400 987 sibi
433 938 490 989 et
525 933 712 989 ceteris
746 933 933 1003 populi
955 931 1188 988 Romani
1223 930 1458 986 universi
1492 929 1798 984 auctoritati

205 1008 501 1079 parendum
523 1026 634 1063 esse
656 1008 944 1063 fateantur.
998 1010 1177 1078 Atque
1199 1007 1258 1060 in
1281 1007 1382 1060 hoc
1404 1005 1542 1060 bello
1569 1006 1799 1059 Asiatico

207 1091 265 1140 et
299 1087 446 1156 regio
483 1103 592 1140 non
629 1084 801 1139 solum
835 1086 1085 1139 militaris
1119 1085 1216 1140 illa
1250 1085 1435 1150 virtus,
1472 1101 1591 1151 quae
1627 1089 1709 1137 est
1742 1083 1801 1136 in

210 1162 309 1218 Cn.
359 1163 609 1233 Pompeio
661 1161 957 1232 singularia,
1005 1162 1098 1216 sed
1146 1162 1263 1216 aliae
1323 1178 1530 1233 quoque
1575 1161 1800 1214 virtutes

208 1241 379 1296 animi
400 1241 586 1293 multae
610 1244 667 1294 et
695 1257 906 1310 magnae
937 1241 1299 1310 requiruntur.
1384 1237 1617 1294 Difficile
1639 1244 1720 1292 est
1740 1238 1799 1290 in

208 1318 361 1384 Asia,
397 1316 602 1386 Cilicia,
640 1315 809 1386 Syria,
848 1318 1129 1387 regnisque
1174 1316 1487 1372 interiorum
1522 1316 1803 1370 nationum

210 1396 292 1450 ita
313 1395 511 1450 versari
545 1400 782 1450 vestrum
816 1395 1202 1466 imperatorem,
1228 1402 1293 1449 ut
1327 1394 1467 1448 nihil
1501 1394 1666 1461 aliud,
1698 1391 1804 1446 nisi

211 1472 280 1528 de
318 1472 509 1552 hoste,²
602 1471 669 1527 de
709 1471 869 1528 laude
910 1473 1123 1543 cogitet.
1214 1472 1419 1527 Deinde
1461 1471 1668 1526 etiamsi
1710 1470 1803 1542 qui

215 1556 342 1606 sunt
372 1550 516 1620 pudo
608 1566 673 1605 ac
706 1551 1060 1619 temperantia
1089 1550 1481 1617 moderatiores,
1506 1555 1684 1603 tamen
1716 1565 1803 1603 eos

211 1646 324 1683 esse
371 1627 506 1681 tales
553 1632 768 1698 propter
817 1628 1223 1683 multitudinem
1268 1627 1581 1698 cupidorum
1639 1626 1805 1685 homi-

190 1723 345 1766 num
385 1722 539 1759 nemo
581 1702 884 1760 arbitratur.
955 1705 1187 1760 Difficile
1226 1709 1307 1759 est
1348 1706 1513 1773 dictu,
1557 1704 1802 1770 Quirites,
1820 1710 1882 1760 65

213 1786 416 1854 quanto
451 1782 511 1835 in
533 1781 653 1836 odio
689 1782 854 1836 simus
889 1783 1035 1852 apud
1071 1789 1278 1837 exteras
1312 1783 1568 1850 nationes,
1593 1786 1806 1851 propter

213 1876 411 1924 eorum,
438 1875 569 1930 quos
603 1858 673 1913 ad
709 1876 795 1913 eas
831 1877 925 1929 per
957 1858 1054 1913 hos
1089 1877 1254 1913 annos
1278 1876 1402 1913 cum
1424 1860 1642 1928 imperio
1665 1859 1807 1912 misi·

212 1955 348 2006 mus,
372 1937 594 2008 injurias
617 1954 680 1992 ac
703 1937 967 1993 libidines.
1043 1937 1202 1998 Quod
1224 1939 1368 1993 enim
1390 1938 1580 1991 fanum
1602 1937 1808 2009 putatis

213 2017 275 2071 in
308 2016 417 2069 illis
451 2016 607 2070 terris
640 2016 834 2070 nostris
865 2016 1266 2086 magistratibus
1301 2016 1622 2085 religiosum,
1646 2031 1807 2085 quam

214 2092 490 2146 civitatem
537 2096 790 2156 sanctam,
834 2109 997 2162 quam
1040 2092 1255 2146 domum
1289 2093 1431 2161 ,satis
1472 2092 1706 2146 clausam
1745 2107 1808 2145 ac

213 2169 482 2224 munitam
520 2168 724 2223 fuisse?
794 2169 962 2225 Urbes
996 2173 1113 2241 Jam
1153 2159 1444 2241 lomspietes
1483 2187 1545 2224 ac
1587 2169 1808 2241 copiosae

214 2239 576 2317 requiruntur,
623 2245 815 2317 quibus
867 2264 1029 2302 causa
1087 2247 1211 2302 belli
1269 2253 1484 2317 propter
1524 2246 1809 2317 diripiendi

215 2322 568 2393 cupiditatem
625 2322 901 2379 inferatur.
954 2324 1241 2393 ,Libenter
1294 2324 1411 2380 haec
1458 2341 1634 2378 coram
1685 2341 1809 2379 cum
1825 2334 1888 2385 66

219 2400 281 2467 Q.
308 2399 497 2453 Catulo
520 2404 576 2452 et
600 2398 662 2465 Q.
687 2394 974 2455 Hortensio
1007 2402 1349 2471 disputarem,
1374 2400 1591 2455 summis
1622 2406 1678 2456 et
1708 2400 1809 2455 cla-

215 2476 437 2532 rissimis
483 2476 628 2531 viris.
729 2475 1013 2532 Noverunt
1068 2479 1210 2532 enim
1268 2480 1526 2533 sociorum
1573 2479 1808 2546 vulnera,

217 2554 405 2609 vident
428 2570 610 2607 eorum
633 2552 978 2623 calamitates,
1007 2556 1362 2624 querimonias
1387 2555 1632 2609 audiunt.
1705 2556 1809 2610 Pro

218 2632 371 2685 sociis
398 2647 490 2686 vos
519 2638 705 2764 cotniga
727 2631 904 2686 hostes
936 2632 1232 2687 exercitum
1253 2633 1466 2687 mittere
1496 2634 1715 2702 putatis,
1737 2649 1809 2687 an

217 2708 454 2764 hostium
478 2708 578 2763 sim
670 2691 814 2764 tioi'fe
833 2713 1018 2767 contra
1042 2710 1204 2770 socios
1220 2715 1381 2781 atque
1397 2708 1630 2769 amicos‘e
1680 2710 1808 2778 Quae
