2020 3027
434 106 576 164 PRO
610 105 804 162 LEGE
839 102 1175 161 MANILIA.
1244 103 1394 160 cAP.
1416 106 1494 168 20,
1522 106 1597 160 21.
1743 104 1808 163 ‘2'7

218 238 469 308 habituri,
496 240 638 313 oepit
667 258 923 314 magnum
951 258 1063 298 suae
1086 240 1301 298 virtutis
1332 242 1567 296 fructum
1598 256 1662 299 ac
1693 240 1809 312 dig-

217 320 421 390 nitatis,
463 335 632 391 quum
672 337 853 376 omnes
899 337 1062 392 prope
1110 337 1221 375 una
1260 336 1401 385 voce,
1446 320 1478 350 ‘⁴
1494 321 1553 374 in
1594 337 1654 375 eo
1695 320 1809 390 ipso

217 414 311 451 vos
344 415 491 468 spem
526 398 798 454 habituros
834 400 977 454 esse''
1018 397 1244 452 dixistis.
1316 395 1533 453 Etenim
1570 397 1694 452 talis
1730 403 1811 453 est

217 475 313 540 vir,
337 480 404 529 ut
433 475 586 528 nulla
616 492 698 533 res
730 481 884 531 tanta
914 476 986 530 sit
1019 493 1082 530 ae
1114 480 1223 530 tam
1260 472 1501 539 difficilis,
1528 491 1691 545 quam
1719 475 1810 532 ille

216 570 325 607 non
357 558 416 607 et
447 553 663 608 consilio
697 572 876 623 regere
912 561 966 609 et
1000 553 1311 623 integritate
1349 553 1486 607 tueri
1522 557 1578 607 et
1611 554 1811 608 virtute

216 630 466 685 conficere
501 632 683 701 possit.
756 631 860 686 Sed
894 631 953 685 in
987 631 1089 685 hoe
1123 630 1238 701 ipso
1270 629 1339 684 ab
1375 647 1435 684 eo
1459 630 1811 685 vehementis-

216 708 348 763 sime
371 707 638 775 dissentio,
664 708 823 779 quod,
846 725 951 780 quo
976 707 1152 762 minus
1174 713 1320 762 certa
1342 713 1423 762 est
1448 707 1725 762 hominum
1747 725 1811 762 ae

214 785 394 840 minus
428 782 693 851 diuturna.
707 786 836 851 vita,
872 785 972 840 hoo
1006 786 1179 855 magis
1213 785 1527 855 respublica,
1552 784 1681 839 dum
1716 802 1810 854 per

216 862 340 917 deos
362 861 683 918 immortales
717 863 859 929 licet,
885 863 994 919 frui
1030 862 1187 917 debet
1219 862 1413 916 summi
1444 861 1673 916 hominis
1696 863 1810 918 vita
1838 883 1894 933 (ὁ
1910 916 1930 933 ᾖ
1953 892 1982 929 ,4,

215 946 378 1010 atque
412 941 737 995 virtutes-‘⁸
749 941 826 996 At
860 941 1003 996 enim
1044 957 1136 1015 ¹32
1154 940 1284 1012 quid
1307 940 1447 1008 noyi
1473 940 1583 1001 *fiat
1626 946 1810 995 contra
1830 949 1912 1003 6³„
1935 982 1993 1017 ἡ

214 1017 461 1089 exempla
499 1023 660 1089 atque
699 1018 952 1073 instituta
992 1015 1508 1088 majorum.”-Non
1551 1017 1668 1072 dico
1709 1018 1809 1073 hoe
1844 1040 1950 1085 rm„

213 1094 344 1160 1000,
393 1097 614 1169 majores
654 1099 859 1150 nostros
900 1113 1106 1166 semper
1144 1095 1204 1149 in
1244 1111 1374 1164 paee
1422 1094 1807 1162 consuetudini,
1955 1078 1993 1143 Ἷ

213 1174 273 1229 in
320 1174 458 1230 bello
503 1175 733 1247 utilitati
777 1176 1031 1246 paruisse,
1079 1191 1283 1245 semper
1330 1174 1401 1229 ad
1446 1191 1607 1229 novos
1655 1190 1807 1228 casus

214 1257 517 1321 temporum
563 1269 820 1307 novorum
861 1252 1200 1307 consiliorum
1241 1251 1471 1306 rationes
1518 1268 1807 1306 accommo-

215 1329 394 1383 dasse:
431 1345 539 1382 non
563 1328 752 1396 dicam,
771 1329 876 1383 duo
895 1328 1037 1383 bella
1058 1329 1308 1393 maxima,
1326 1327 1591 1381 Punicum
1610 1335 1663 1381 et
1683 1328 1806 1381 His-

213 1405 478 1477 paniense,
516 1405 584 1460 ab
625 1423 735 1461 uno
774 1407 1091 1476 imperatore
1124 1423 1235 1460 esse
1276 1406 1530 1473 confecta,
1570 1404 1806 1475 duasque

213 1482 370 1540 urbes
405 1484 812 1555 potentissimas,
853 1501 971 1556 quae
1008 1483 1137 1539 huie
1178 1483 1398 1555 imperio
1440 1483 1669 1538 maxime
1709 1483 1805 1537 mi-

213 1561 542 1630 nitabantur,
579 1562 967 1632 Karthaginem
1008 1566 1171 1632 atque
1209 1561 1573 1627 Numantiam,
1612 1560 1679 1614 ab
1721 1578 1805 1615 eo-

213 1639 338 1693 dem
361 1639 605 1709 Scipione
633 1656 744 1694 esse
778 1638 1007 1693 deletas:
1046 1654 1153 1692 non
1182 1638 1611 1705 commemorabO,
1635 1655 1805 1709 nuper

211 1716 293 1771 ita
327 1716 475 1771 vobis
511 1699 855 1789 pati-'issffsque
890 1717 1079 1772 vestris
1120 1733 1229 1770 esse
1266 1716 1456 1782 visum,
1495 1721 1558 1770 ut
1598 1715 1659 1769 in
1698 1733 1805 1769 uno

213 1793 270 1849 G.
297 1786 469 1848 Mario
493 1812 609 1866 spes
632 1794 843 1863 imperii
875 1798 1175 1863 poneretur,
1202 1800 1265 1849 ut
1290 1793 1433 1847 idem
1455 1810 1578 1852 oum
1602 1791 1643 1847 J
1644 1810 1807 1862 ugur-

212 1871 326 1939 tha,
350 1871 493 1926 idem
527 1889 652 1925 cum
676 1869 920 1938 Cimbris,
951 1871 1098 1925 idern
1133 1888 1254 1924 cum
1278 1870 1569 1925 Theutonis
1605 1869 1806 1925 bellum

210 1949 641 2005 administraret:
701 1949 759 2002 in
807 1949 920 2018 ipso
969 1948 1067 2003 Gn.
1111 1948 1375 2018 Pompei0,
1424 1948 1482 2001 in
1528 1966 1633 2019 quo
1679 1947 1806 2004 novi
1824 1960 1879 2008 61

211 2025 465 2080 constitui
486 2026 625 2080 nihil
648 2024 764 2080 vult
789 2025 850 2092 Q.
877 2025 1119 2093 CatuluS,
1143 2043 1303 2096 quam
1330 2025 1507 2079 multa
1538 2027 1646 2079 sint
1669 2043 1807 2081 nova

211 2121 419 2158 summa
461 2103 521 2170 Q.
549 2103 731 2159 Catuli
772 2103 1050 2158 voluntate
1098 2105 1403 2170 constituta,
1438 2104 1804 2160 recordamini.

211 2179 360 2237 XXI.
398 2179 548 2240 Quid
583 2181 727 2236 enim
761 2186 874 2234 tam
909 2197 1125 2247 novum,
1161 2198 1321 2251 quam
1356 2179 1803 2254 adolescentulum

210 2260 481 2330 privatum
513 2259 806 2314 exercitum
843 2257 1049 2312 difficili
1079 2257 1384 2329 reipublicae
1417 2264 1651 2327 tempore
1685 2255 1868 2313 cois-³⁶·

208 2335 408 2392 ficere?
445 2335 701 2392 Confeoit.
752 2335 897 2391 Huic
921 2335 1179 2406 praeesse?
1220 2336 1460 2391 Praefuit.
1513 2337 1645 2390 Rem
1668 2339 1804 2407 opti-

206 2430 297 2467 me
321 2413 490 2467 ductu
513 2431 607 2468 suo
631 2412 850 2484 gerere?
888 2411 1074 2466 Gessit.
1147 2412 1296 2472 Quid
1327 2419 1440 2466 tam
1471 2420 1659 2483 praeter
1684 2432 1803 2468 con-

209 2490 566 2558 suetudinem,
595 2508 759 2563 quam
792 2488 995 2544 homini
1032 2488 1460 2559 pei-adolescenti,
1486 2494 1639 2561 eujus
1675 2498 1803 2545 oetas

208 2586 245 2623 a
267 2569 527 2622 senatorio
546 2568 718 2638 gradu
740 2568 897 2636 longe
922 2565 1140 2635 abesset,
1165 2568 1447 2637 imperium
1471 2575 1632 2638 atque
1657 2586 1803 2623 exer-

208 2645 382 2700 citum
407 2645 564 2700 dari?
637 2645 874 2700 Siciliam
914 2645 1156 2713 permitti
1203 2651 1365 2715 atque
1412 2646 1648 2700 Africam
1696 2646 1801 2700 bel-

208 2723 433 2799 lumque
455 2723 515 2779 in
538 2741 603 2782 ea
633 2719 1155 2782 administrandum?
1228 2721 1357 2779 Fuit
1386 2722 1445 2778 in
1478 2722 1561 2778 his
1592 2722 1802 2795 provin-
