2020 3027
304 115 366 163 18
972 115 1237 166 ORATIO

301 248 390 303 Ita
425 250 638 302 tantum
673 244 890 316 bellum,
914 251 1030 302 tam
1066 248 1396 314 diuturnum,
1421 251 1533 302 tam
1568 247 1723 316 longe
1754 243 1892 302 late-

299 343 402 396 que
439 327 746 396 dispersum,
788 342 893 396 quo
935 324 1071 380 bello
1112 342 1291 379 omnes
1325 332 1507 393 gentes
1543 343 1606 380 ac
1643 323 1889 381 nationes

297 403 683 488 premebantur,
721 402 818 457 Cn.
846 404 1127 473 Pompeius
1173 409 1406 456 extrema
1448 402 1623 456 hieme
1666 419 1892 472 appara-

298 481 396 543 vit,
442 462 660 535 inss'diito
723 499 844 536 vere
891 480 1136 552 suscepit,
1182 481 1359 536 media
1405 485 1589 534 aestate
1636 480 1886 536 confecit.
1907 506 1922 527 -·

224 562 285 610 36
298 557 456 614 XIII.
493 559 593 613 Est
626 559 739 614 haec
777 559 962 612 divina
998 569 1158 629 atque
1199 557 1521 612 incredibilis
1568 558 1737 612 virtus
1782 557 1891 611 im-

297 637 568 707 peratoris.
641 635 823 703 Quid?
859 643 1057 704 ceterae,
1103 653 1233 707 quas
1267 633 1444 705 paullo
1489 641 1616 690 ante
1662 650 1890 692 comme-

297 730 500 768 morare
538 727 811 784 coepcram,
847 720 1061 784 quantae
1096 719 1257 784 atque
1292 729 1452 782 quam
1490 713 1674 769 multae
1716 715 1884 770 eunti

297 791 424 847 Non
471 791 614 845 enim
659 791 830 846 solum
875 790 1111 845 bellandi
1151 793 1321 846 virtus
1360 790 1420 846 in
1467 802 1671 847 summo
1717 795 1889 860 atque

295 870 582 961 perfecto&ss
567 869 882 958 imperatore
921 869 1208 938 quaerenda
1244 873 1356 923 est:
1392 869 1484 924 sed
1520 867 1705 922 multas
1751 874 1889 925 sunt

297 953 438 1000 artes
473 925 694 1014 eximiae,
729 946 889 1018 hujus
928 945 1251 1001 administrae
1287 947 1605 1015 comitesque
1650 943 1885 1003 virtutis.

297 1025 378 1078 Ac
411 1024 646 1093 primum
679 1029 882 1093 quanta
921 1022 1226 1078 innocentia
1266 1022 1459 1077 debent
1500 1040 1609 1077 esse
1655 1022 1887 1091 impers-

297 1103 489 1155 tores!
511 1107 714 1171 quanta
754 1101 946 1154 deinde
993 1100 1237 1155 omnibus
1280 1101 1341 1153 in
1386 1100 1541 1155 rebus
1587 1106 1889 1169 temporan-

298 1179 413 1233 tia!
476 1184 679 1250 quanta
724 1178 865 1235 fide!
930 1184 1132 1248 quanta
1188 1177 1477 1235 facilitate!
1538 1181 1739 1248 quanto
1799 1178 1890 1230 in-

297 1254 486 1325 genio.
474 1257 486 1294 ἲ
524 1261 727 1326 quanta
747 1255 1114 1310 humanitate!
1156 1255 1283 1321 Quae
1307 1254 1545 1323 breviter,
1569 1254 1749 1325 qualia
1776 1252 1895 1311 sint

295 1332 356 1389 in
391 1333 483 1388 Gn.
506 1332 775 1404 Pompeio,
812 1331 1196 1388 consideremus
1216 1344 1474 1393 asumma
1520 1333 1660 1388 enim
1708 1336 1888 1396 omnig

299 1416 442 1478 sunt,
466 1410 733 1477 Quirites:
769 1409 861 1466 sed
883 1427 946 1465 es.
967 1412 1140 1480 magis
1171 1428 1241 1464 ex
1274 1410 1499 1465 aliorum
1530 1394 1879 1480 coffffe'fihone,

298 1502 461 1560 quam
525 1489 641 1559 ipsa
685 1503 780 1559 per
817 1503 930 1544 sese
983 1487 1224 1559 cognosci
1261 1486 1423 1559 atque
1479 1488 1709 1561 intelligi
1765 1510 1895 1562 pos·

222 1574 283 1628 87
297 1570 440 1622 sunt.
528 1567 698 1633 Quem
743 1567 887 1622 enim
931 1568 1299 1636 imffratorem
1345 1581 1618 1658 possumus
1663 1568 1777 1623 ullo
1828 1572 1895 1626 in

295 1659 516 1699 numero
539 1650 743 1715 putare,
768 1644 960 1714 cujus
943 1662 1002 1697 ιιι
1026 1643 1258 1699 exercitu
1291 1625 1517 1708 veneant
1552 1647 1894 1702 centuriatus

297 1719 459 1792 atquo
492 1722 823 1776 venierint?
859 1722 1001 1788 Quid
1030 1722 1176 1776 hunc
1207 1719 1473 1776 hominem
1503 1729 1762 1813 magnum
1784 1730 1894 1781 aut

297 1800 538 1869 amplum
576 1800 643 1854 de
688 1799 961 1870 republica
1009 1799 1254 1868 cogitare,
1316 1799 1410 1869 qui
1468 1801 1765 1869 pecuniam,
1818 1819 1896 1857 ex

297 1877 478 1932 mario
512 1877 875 1948 depromptam
910 1877 980 1931 ad
1015 1876 1216 1931 bellum
1245 1873 1742 1943 administrandum,
1785 1884 1895 1935 aut

298 1960 511 2027 propter
550 1955 898 2024 cupiditatem
936 1954 1218 2024 provincias
1260 1954 1656 2042 magistratibus
1692 1955 1894 2012 divise-

296 2033 370 2086 rit
411 2039 508 2086 aut
548 2037 761 2101 propter
795 2032 1076 2086 avaritiam
1110 2030 1294 2085 Romae
1328 2031 1386 2086 in
1420 2014 1629 2101 ‹iiissstu
1662 2032 1895 2102 relique·

298 2111 373 2163 rit
390 2110 637 2170 &Vestra
652 2110 1070 2163 admurmuratio
1085 2110 1229 2177 facit,
1250 2108 1495 2176 Quirites,
1517 2115 1581 2162 ut
1603 2124 1896 2179 agnoscere

298 2187 600 2251 videamini,
639 2187 733 2257 qui
779 2186 895 2241 haec
941 2186 1195 2241 fecerint:
1245 2204 1342 2255 ego
1389 2192 1571 2241 autem
1615 2188 1891 2244 neminem

298 2264 544 2319 nominoz
582 2277 744 2334 quare
767 2264 918 2319 irasci
955 2264 1089 2318 mihi
1123 2281 1276 2319 nemo
1312 2265 1519 2334 poterit,
1544 2265 1648 2318 nisi
1673 2263 1767 2334 qui
1789 2281 1896 2321 an·

298 2345 355 2396 te
379 2342 445 2396 de
468 2359 523 2395 se
545 2340 771 2395 voluerit
794 2342 1051 2396 confiteri.
1072 2358 1088 2401 ι
1128 2341 1337 2411 Itaque,
1362 2350 1576 2411 propter
1598 2343 1737 2396 hanc
1759 2359 1896 2399 ava-

297 2418 479 2474 ritiam
499 2419 890 2489 imperatorum,
918 2425 1148 2488 quantas
1180 2420 1523 2484 calamitates,
1550 2436 1898 2490 quocumque

300 2501 523 2552 ventum
562 2497 649 2560 sit,
690 2498 858 2550 nostri
913 2496 1172 2552 exercitus
1218 2498 1408 2561 ferant,
1472 2498 1589 2567 quis
1631 2498 1897 2565 ignorat?

222 2573 519 2643 adtinet-a,
542 2589 660 2644 quae
692 2588 787 2643 per
821 2574 975 2631 hosce
1010 2589 1175 2629 annos
1210 2575 1268 2627 in
1303 2571 1465 2630 Italia
1498 2591 1594 2646 per
1626 2591 1778 2643 agros
1805 2581 1898 2630 at-

294 2665 399 2723 que
446 2651 642 2725 oppida
687 2651 885 2710 civium
931 2651 1294 2711 Romanorum
1333 2651 1499 2708 nostri
1547 2650 1900 2725 imperatores

288 2728 545 2799 inerunt.
593 2725 978 2809 tentamini
1019 2734 1137 2809 tum
1183 2727 1392 2810 facilins
1440 2730 1702 2818 statuetis.
1756 2730 1899 2824 quid
