2020 3027
517 470 613 538 M.
646 471 960 539 TULLII
1007 471 1488 541 CICERONIS

936 627 1047 668 PRO
1230 648 1236 655 ·
1353 650 1360 657 ·

329 736 412 809 A.
474 736 848 814 LICINIO
917 739 1286 815 ARCHIA
1352 740 1664 816 POETA

386 891 398 904 .
842 868 1151 921 ORA'HO.

616 1088 905 1140 NOTITIA
938 1092 1376 1142 LITTERARIA.

265 1177 329 1226 A„
349 1178 571 1228 Licinius
587 1180 807 1229 Archia-3
838 1195 986 1243 qwum
1008 1182 1187 1231 Catulo
1209 1185 1261 1230 et
1284 1181 1459 1229 Mario
1491 1196 1611 1229 coss.
1643 1178 1711 1245 (Δ.
1734 1193 1788 1230 U.

199 1244 335 1307 852.)
368 1246 579 1293 Romam
609 1247 812 1304 veniret,
857 1246 1025 1296 Cicero
1053 1264 1187 1312 puer
1224 1248 1385 1296 adhuc
1417 1248 1705 1311 quadrimus
1735 1263 1792 1296 eo

199 1313 418 1373 tempore
454 1315 568 1359 erat
578 1332 598 1368 ,·
627 1316 808 1375 postea
839 1316 1002 1378 poetce
1040 1331 1242 1377 operam
1278 1315 1430 1364 dedit.
1506 1314 1791 1362 Orationem

198 1376 374 1491 halbuit
402 1389 521 1426 A.U.
544 1378 659 1428 693.
726 1379 804 1429 M.
826 1380 992 1444 Pupio
1027 1381 1205 1441 Pisone
1236 1383 1287 1430 et
1317 1381 1393 1430 M.
1422 1380 1624 1429 Valerio
1655 1380 1789 1430 Mes·

197 1458 259 1491 sa
283 1443 338 1492 la
357 1458 481 1493 cose.

265 1674 421 1725 ABG.
488 1675 554 1724 A.
578 1675 806 1725 Licinius·
825 1677 1045 1726 Archiae
1064 1692 1117 1726 se
1145 1677 1324 1727 studiis
1343 1677 1550 1741 poeticis
1578 1678 1786 1739 dedidit,

196 1743 252 1791 et
287 1740 525 1805 adprime,
557 1746 617 1791 ut
654 1743 931 1801 videbatur,
966 1744 1198 1793 excelluit
1233 1745 1286 1792 in
1317 1744 1412 1794 hoc
1443 1760 1622 1809 genere
1651 1745 1790 1794 litte-

196 1823 381 1857 rarum.
427 1808 667 1857 Amicitia
687 1810 846 1873 igitur
867 1811 1022 1859 etiam
1043 1811 1164 1859 viris
1185 1810 1459 1860 illustribus
1480 1811 1790 1861 familiariter

197 1874 457 1937 copulatus
478 1876 568 1932 est,
593 1878 654 1924 ut
674 1876 782 1938 ipse
805 1876 879 1925 M.
901 1876 1093 1925 Tullius
1120 1876 1175 1925 in
1196 1876 1431 1927 orationis
1450 1878 1598 1942 hujus
1618 1893 1786 1927 narra-

197 1941 334 1989 tione
357 1940 633 2004 confia-mat.
678 1943 889 1990 Interim
903 1944 1033 1991 eatis
1055 1943 1200 2006 longo
1220 1943 1485 1992 intemallo
1503 1960 1650 2007 quum
1664 1948 1788 1993 esset

198 2022 307 2055 cum
328 2006 388 2054 L.
413 2007 626 2056 Lucullo
646 2008 701 2055 in
727 2009 953 2057 Siciliam
966 2010 1240 2073 profectus,
1261 2013 1313 2058 et
1341 2025 1489 2073 quum
1510 2027 1570 2059 ex
1590 2026 1651 2058 ea
1663 2026 1786 2074 pro-

195 2073 361 2121 vincia
397 2089 506 2121 eum
541 2075 707 2122 eodem
743 2074 808 2124 L.
839 2075 1052 2124 Lucullo
1089 2076 1449 2139 regrederetur,
1495 2076 1787 2126 Heracleam

196 2140 352 2197 venit,
374 2155 485 2203 quae
505 2141 628 2189 tuno
655 2145 764 2189 erat
792 2141 968 2190 civitas
992 2142 1252 2200 foederata,
1275 2144 1328 2190 et
1359 2143 1605 2206 ascriptus
1627 2146 1703 2192 est
1733 2144 1786 2192 in

196 2206 421 2254 ordinem
459 2206 861 2256 Heracleensium
903 2208 1037 2257 civis,
1125 2208 1263 2257 Tunc
1301 2208 1496 2259 Silanus
1538 2212 1592 2258 et
1629 2209 1787 2258 Carbo

197 2287 317 2321 coss·
349 2272 512 2336 legem
548 2274 789 2333 tulerunt,
825 2276 885 2322 ut
915 2290 1098 2334 omneS,
1130 2275 1217 2338 qui
1250 2277 1411 2324 essent
1444 2291 1505 2325 ex
1534 2275 1789 2325 foederatis

195 2337 406 2402 populis,
428 2338 685 2388 civitatem
701 2340 974 2388 Romanam
991 2344 1414 2405 consequerentur
1432 2360 1445 2390 ε
1478 2341 1519 2390 si
1536 2342 1680 2390 modo
1701 2343 1786 2390 illo

195 2407 432 2467 tempore,
455 2420 552 2468 quo
573 2406 653 2455 lex
667 2405 770 2455 lata
791 2410 934 2466 esset,
956 2406 1253 2456 domicilium
1274 2407 1331 2456 in
1353 2406 1503 2456 Italia
1524 2407 1784 2467 haberent,

199 2473 255 2519 et
273 2469 412 2519 intra
431 2469 558 2520 diem
582 2471 941 2536 sexagesimum
971 2473 1177 2537 professi
1209 2472 1340 2537 apud
1372 2478 1632 2537 proetorem
1664 2475 1787 2523 fuis-

195 2538 323 2587 sent.
390 2537 512 2597 Quae
555 2553 709 2602 quum
753 2538 945 2588 Licinio
986 2539 1185 2589 Archiae
1229 2541 1294 2589 ad
1338 2539 1664 2589 obtinendum
1702 2541 1787 2605 jus

196 2603 415 2653 civitatis
452 2603 689 2653 Romanae
731 2608 1026 2669 argumenta
1077 2606 1313 2665 deessent,
1358 2606 1590 2669 quoniam
1627 2621 1786 2671 neque

196 2670 380 2720 tabulis
415 2670 814 2721 Heracleensium
846 2673 1056 2736 probare
1093 2676 1294 2737 poterat
1327 2673 1597 2737 ascriptum
1636 2688 1687 2723 se
1732 2676 1785 2722 in

195 2737 420 2790 ordinem
441 2738 621 2790 civium
637 2758 654 2804 ς
688 2740 868 2806 quippe
901 2740 1198 2792 tabularium
1234 2739 1451 2794 civitatis
1483 2741 1617 2792 illius
1648 2753 1788 2793 exar-
