2020 3027
183 69 204 91 ν
242 121 308 172 68
868 174 873 181 ,
893 123 1167 175 ORATIO

238 261 398 303 causa
432 244 709 313 dimicant,
746 245 849 302 hoc
881 246 1182 301 maximum
1216 249 1273 303 et
1311 244 1670 317 periculorum
1703 242 1837 301 inci-

161 336 223 383 24
240 330 538 380 tamentum
573 328 655 378 est
688 329 744 379 et
777 321 1032 378 laborum.
1108 323 1281 390 Quam
1315 323 1515 378 multos
1552 323 1835 394 scriptores

238 419 416 456 rerum
439 418 657 455 suarum
687 418 915 470 magnus
945 399 1036 455 ille
1059 400 1361 456 Alexander
1384 418 1565 456 secum
1587 400 1835 456 habuisse

238 477 469 536 dicitur!
541 478 721 549 Atque
754 478 801 532 is
837 484 1034 543 tamen,
1061 496 1230 550 quum
1252 479 1312 532 in
1335 477 1492 547 Sigeo
1515 478 1585 532 ad
1610 475 1834 532 Achillis

237 555 506 610 tumulum
522 557 794 622 astitisset,
821 556 865 611 0
869 559 1171 627 fortunate,
1189 556 1383 627 inquit,
1407 554 1711 623 adolescens,
1735 553 1834 627 qui

235 639 342 687 tuoe
363 633 578 689 virtutis
599 633 890 689 Homerum
911 650 1202 704 proeconem
1223 631 1491 688 inveneris
1509 630 1536 686 Ι
1593 632 1667 686 Et
1690 649 1829 686 vere.

236 707 395 775 Nam,
439 711 543 765 nisi
592 710 720 764 Ilias
766 710 863 765 illa
904 711 1211 775 exstitisset,
1252 710 1395 764 idem
1436 709 1695 771 tumulus,
1736 708 1832 780 qui

232 804 422 856 corpus
445 790 559 858 ejus
583 793 903 857 contexerat,
920 805 1116 843 nomen
1134 788 1297 842 etiam
1309 788 1585 842 obruisset.
1643 786 1786 853 Quid
1805 785 1830 841 ‘1

232 871 410 920 noster
445 865 534 920 hic
568 864 815 935 Magnus,
857 866 951 936 qui
992 883 1117 920 cum
1140 866 1343 921 virtute
1382 866 1654 919 fortunam
1692 864 1831 920 01101-

232 943 434 1012 quavit,
469 959 644 1000 nonne
686 943 828 997 Theo
867 943 1064 997 hanem
1099 942 1481 1012 Mitylenaeum,
1518 941 1830 1012 scriptorem

231 1035 407 1073 rerum
431 1036 662 1087 suarum,
687 1020 745 1074 in
767 1037 829 1074 co
862 1004 1020 1075 6111110
1051 1020 1289 1073 militum
1314 1020 1533 1075 civitate
1564 1018 1828 1073 donavit?

229 1103 286 1152 et
324 1098 493 1151 nostri
526 1097 608 1153 1111
642 1099 804 1152 fortes
840 1098 957 1163 viri,
996 1098 1090 1153 sed
1123 1098 1311 1152 rustici
1350 1115 1415 1153 ac
1451 1096 1664 1169 milites,
1706 1096 1827 1151 dul-

228 1175 415 1228 cedine
438 1175 668 1246 quadam
690 1175 869 1245 gloriae
890 1176 1157 1240 commoti,
1191 1175 1344 1247 quasi
1380 1175 1665 1246 participes
1688 1177 1828 1245 ejus-

229 1251 352 1306 dem
397 1251 584 1319 laudis,
633 1270 827 1323 magno
873 1253 1012 1307 illud
1060 1252 1286 1308 clamore
1344 1251 1822 1323 approbaverunt?

150 1343 210 1390 25
228 1327 436 1401 Itaque,
462 1331 632 1396 credo,
660 1330 705 1383 si
739 1330 869 1384 civis
903 1329 1182 1384 Romanus
1208 1330 1433 1385 Archias
1468 1330 1678 1399 legibus
1712 1346 1825 1384 non

226 1411 376 1473 esset,
426 1413 492 1462 ut
536 1408 606 1462 ab
650 1407 831 1479 aliquo
878 1408 1194 1477 imperatore
1242 1408 1463 1463 civitate
1523 1408 1825 1476 donaretur,
1863 1448 1886 1463 ..

225 1486 472 1557 perficere
493 1502 603 1541 non
626 1485 820 1557 potuit.
893 1484 1060 1554 Sulla,
1084 1502 1254 1556 quum
1274 1486 1542 1557 Hispanos
1565 1490 1622 1541 et
1646 1483 1826 1542 Gallos

226 1564 461 1630 donaret,
505 1564 676 1631 credo,
725 1564 870 1618 hunc
916 1569 1191 1634 petentem
1246 1565 1615 1650 repudiassem
1661 1581 1825 1635 quem

225 1658 319 1695 1100
364 1641 424 1695 111
470 1641 720 1696 concione
761 1641 1010 1708 vidimus,
1056 1657 1227 1710 quum
1272 1641 1323 1695 01
1369 1604 1615 1695 libellum
1653 1641 1826 1696 malus

225 1725 382 1789 poeta
403 1718 470 1772 de
492 1718 691 1790 populo
714 1717 1038 1789 subjecisset,
1064 1718 1208 1790 quod
1243 1720 1573 1788 epigramma
1606 1720 1666 1773 in
1700 1737 1826 1774 eum

225 1795 434 1851 fecisset
479 1795 848 1850 tantummodo
895 1794 1117 1850 alternis
1165 1795 1402 1850 versibus
1457 1795 1826 1889 longiusculis3

222 1874 411 1927 statim
457 1890 525 1927 ex
571 1873 638 1926 iis
678 1872 849 1940 rebus,
892 1890 1025 1944 quas
1066 1878 1199 1927 tunc
1241 1873 1521 1939 vendebat,
1559 1874 1724 1945 jussit
1768 1874 1826 1930 01

221 1951 498 2024 praemium
539 1950 707 2004 tribui
746 1913 849 2003 01111
881 1967 946 2004 00
985 1950 1306 2018 conditione,
1341 1968 1409 2006 ne
1442 1952 1573 2023 quid
1602 1959 1721 2023 post
1758 1969 1825 2006 ea

222 2026 470 2082 scriberet.
550 2026 655 2093 Qui
678 2015 1014 2081 sedulitatem
1036 2027 1167 2080 mali
1202 2034 1375 2119 poet-ee
1399 2028 1615 2083 duxerit
1638 2028 1823 2099 aliquo

221 2109 401 2159 tamen
433 2105 650 2176 praemio
686 2104 920 2173 dignam,
958 2104 1123 2174 hujus
1156 2105 1437 2174 ingenium
1471 2111 1527 2160 et
1560 2106 1823 2161 virtutem

142 2184 278 2237 26'111
303 2183 576 2238 scribendo
610 2190 666 2238 et
714 2184 920 2252 copiam
966 2200 1077 2236 non
1123 2183 1452 2253 expetisset?
1549 2184 1736 2251 Quid?
1784 2203 1822 2240 a

221 2260 283 2327 Q.
311 2260 530 2315 Metello
557 2261 667 2328 Ρ10,
690 2260 1104 2314 familiarissimo
1130 2277 1242 2328 suo,
1257 2261 1351 2331 qui
1374 2262 1594 2316 civitate
1616 2262 1821 2317 multos

219 2338 453 2405 donavit,
488 2355 663 2409 neque
702 2354 799 2407 per
832 2354 902 2404 se,
936 2355 1112 2409 neque
1147 2356 1242 2408 per
1283 2338 1529 2394 Lucullos
1571 2340 1821 2412 impetra-

217 2415 423 2470 visset?
459 2416 552 2485 qui
587 2414 882 2484 praesertim
916 2432 1086 2486 usque
1121 2432 1182 2468 00
1218 2415 1285 2469 de
1321 2416 1431 2470 suis
1466 2415 1621 2471 rebus
1656 2417 1819 2472 scribi

218 2496 448 2561 cuperet,
472 2497 537 2545 ut
558 2492 723 2545 etiam
747 2490 1003 2547 Cordubae
1040 2493 1183 2546 natis
1214 2493 1401 2563 poetis,
1427 2495 1628 2565 pingue
1659 2495 1820 2566 quid-

219 2570 346 2623 dam
369 2569 680 2624 sonantibus
714 2574 876 2640 atque
908 2570 1261 2641 peregrinum,
1286 2575 1468 2626 tamen
1500 2588 1655 2627 aures
1690 2590 1818 2629 suas

216 2646 446 2701 dederet.
517 2645 615 2701 XI.
650 2646 838 2716 Neque
883 2647 1029 2702 enim
1075 2652 1157 2702 est
1204 2646 1306 2703 hoc
1352 2648 1818 2720 dissimulandum,

216 2722 361 2796 quod
400 2722 666 2782 obscurari
699 2741 809 2781 non
841 2729 1038 2803 potest,
1057 2725 1151 2782 sed
1178 2742 1291 2800 prae
1325 2725 1479 2785 nobis
1512 2728 1813 2799 ferendum,
