2020 3027
256 45 292 95 8
923 39 1195 92 ORATIO

258 169 540 241 pissimum
574 170 662 238 sit,
678 168 834 236 illud,
859 171 1002 241 quod
1041 169 1331 242 accepistis,
1371 170 1512 226 tueri
1552 173 1609 225 et
1646 186 1868 226 conser-

261 265 384 302 vare
424 266 533 302 non
571 266 741 319 posse.
816 248 1003 315 Quid?
1041 249 1183 320 quod
1226 248 1365 303 salus
1408 249 1668 302 sociorum
1709 266 1867 303 sum-

260 340 409 378 mum
434 326 493 379 in
516 326 810 397 periculum
831 344 896 399 ac
918 327 1201 382 discrimen
1232 332 1468 393 vocatur,
1493 342 1597 396 quo
1632 326 1866 380 tandem

258 402 437 456 animo
461 404 597 459 ferre
621 404 863 459 debetis?
924 405 1108 474 Regno
1141 405 1395 474 expulsus
1425 410 1507 458 est
1539 403 1862 457 Ariobarza-

258 495 352 535 nes
383 498 495 549 rex,
520 483 690 536 socius
732 481 917 552 populi
956 483 1182 537 Romani
1219 489 1383 553 atque
1405 482 1609 537 amicus
1622 502 1639 548 3
1676 481 1862 535 immi-

258 564 392 612 nent
426 559 532 614 duo
567 577 720 629 reges
753 561 857 614 tot-i
892 560 1053 629 Asiae,
1076 577 1185 614 non
1209 561 1382 614 solum
1416 559 1564 615 vobis
1597 558 1863 641 inimicis-s

259 635 396 701 simi,
435 636 526 691 sed
565 638 729 691 etiam
766 638 954 692 vestris
992 637 1145 692 sociis
1187 643 1350 708 atque
1391 637 1615 702 amieis3
1668 632 1860 691 ci‘rit'a·
1875 630 1901 641 ”

258 717 340 767 tes
372 720 555 768 autem
587 732 768 768 omnes
801 722 997 768 cuncta
1028 715 1157 768 Asia
1190 720 1354 785 atque
1379 714 1580 768 Graeoia
1613 719 1859 767 vestrum

258 810 327 848 au
371 794 526 869 ilium
566 799 870 864 exspectare
916 800 1132 864 propter
1177 794 1402 865 periculi
1423 792 1859 864 magnitudinem
1918 859 1926 867 ²

260 811 546 940 cognitur,
588 871 958 940 imperatorem
1004 888 1042 925 a
1086 870 1235 945 vobis
1294 876 1499 925 certum
1557 870 1854 941 deposcere,

260 966 428 1019 quum
464 948 759 1019 praesertim
781 965 876 1003 vos
911 949 1082 1003 alium
1117 949 1382 1017 miseritis,
1424 965 1595 1020 neque
1632 947 1857 1016 audent,

258 1044 431 1097 neque
471 1026 530 1080 id
564 1044 619 1079 se
653 1026 825 1080 facere
867 1043 1073 1081 summo
1114 1027 1227 1081 sine
1260 1025 1495 1096 periculo
1529 1042 1679 1096 posse
1712 1023 1856 1079 arbi-

186 1108 243 1155 13
260 1109 485 1159 trantur.
559 1102 761 1157 Vident
805 1109 862 1158 et
907 1106 1151 1158 sentiunt
1195 1104 1297 1158 hoc
1342 1103 1500 1168 idem,
1550 1102 1691 1173 quod
1740 1120 1854 1170 vos,

259 1198 430 1235 unum
462 1181 636 1235 virum
668 1197 793 1246 esse,
819 1181 878 1234 in
910 1199 1017 1252 quo
1048 1198 1257 1236 summa
1288 1181 1398 1234 sint
1429 1182 1621 1247 omnia,
1649 1186 1705 1235 et
1726 1198 1854 1236 eum

259 1238 423 1331 ᾖῖὀόὁ
446 1277 573 1324 esse,
599 1257 725 1329 (quo
763 1259 929 1313 etiam
956 1266 1153 1349 ’,ειμι-ἱρή
1182 1259 1375 1329 aegrius
1395 1258 1435 1330 ε)
1473 1261 1625 1329 cujus
1656 1258 1855 1314 adven-

260 1343 324 1390 tu
347 1338 462 1409 ipso
486 1342 647 1407 atque
670 1337 900 1404 nomine,
926 1336 1142 1392 tanietsi
1159 1338 1267 1391 ‘ille
1291 1336 1360 1390 ad
1392 1338 1722 1392 maritimum
1744 1335 1854 1391 bel-

259 1415 377 1469 lum
414 1415 632 1480 venerit,
676 1422 857 1470 tamen
897 1415 1132 1485 impetus
1173 1415 1412 1469 hostium
1449 1432 1705 1485 repressos
1740 1432 1853 1469 esse

260 1493 573 1564 intelligunt
619 1509 683 1548 ac
728 1493 1038 1548 retardatos.
1110 1493 1187 1547 Hi
1234 1510 1342 1559 vos,
1392 1493 1646 1564 quoniam
1692 1491 1854 1547 libere

260 1571 410 1642 loqui
454 1588 564 1626 non
610 1571 750 1637 licet,
795 1572 958 1627 tacite
1003 1576 1211 1641 rogant,
1247 1576 1313 1624 ut
1359 1588 1414 1624 se
1460 1587 1669 1641 quoque
1715 1570 1854 1624 sicut

262 1656 558 1704 oeterarum
603 1649 998 1719 provinciarum
1057 1650 1239 1714 socios,
1290 1648 1476 1718 dignos
1522 1647 1852 1716 existimetis,

262 1744 488 1797 quorum
529 1726 757 1780 salutem
794 1726 895 1780 tali
941 1726 1057 1780 viro
1101 1724 1513 1779 commendetis:
1551 1729 1713 1794 atque
1752 1723 1854 1779 hoe

263 1806 425 1859 etiam
471 1804 658 1873 magis,
699 1803 840 1875 quod
889 1809 1087 1858 ceteros
1129 1805 1188 1857 in
1226 1802 1556 1872 provinciam
1596 1802 1853 1871 ejusmodi

262 1882 501 1936 homines
536 1899 657 1936 cum
690 1883 912 1951 imperio
947 1882 1231 1944 mittimus,
1256 1885 1335 1945 ut,
1362 1879 1571 1934 etiamsi
1604 1878 1673 1932 ab
1704 1878 1853 1934 hoste

263 1960 568 2026 defendant,
607 1966 787 2013 tamen
826 1960 1063 2028 ipsorum
1103 1960 1365 2013 adventus
1402 1958 1460 2010 in
1501 1955 1655 2009 urbes
1693 1957 1853 2011 socio·

263 2056 384 2091 rum
420 2055 530 2091 non
564 2038 800 2090 multum
833 2036 903 2089 ab
937 2036 1121 2090 hostili
1156 2034 1552 2104 expugnatione
1594 2032 1852 2090 differant.

263 2114 429 2172 Hunc
451 2115 743 2169 audiebant
772 2119 946 2179 antea,
972 2130 1118 2167 nuno
1147 2117 1458 2184 proesentem
1481 2111 1666 2166 vident
1700 2118 1854 2166 tanta

263 2193 633 2262 temperantia,
668 2196 823 2245 tanta
856 2191 1284 2254 mansuetudine,
1312 2195 1466 2243 tanta
1499 2189 1847 2254 humanitate,

263 2278 329 2326 ut
368 2269 409 2324 ii
447 2269 739 2324 beatissimi
779 2285 891 2322 esse
928 2269 1227 2335 videantur,
1251 2267 1396 2337 apud
1435 2283 1568 2337 quos
1608 2267 1700 2320 ille
1736 2266 1849 2319 diu-

188 2357 249 2406 14
263 2349 467 2404 tissime
506 2351 878 2402 commoratur.
952 2346 1047 2400 VI.
1085 2345 1273 2412 Quare,
1323 2345 1369 2398 si
1415 2349 1631 2416 propter
1677 2342 1848 2410 socios,

262 2426 416 2480 nulla
456 2425 558 2496 ipsi
597 2424 795 2493 injuria
826 2423 1072 2491 lacessiti,
1114 2425 1336 2494 majores
1378 2424 1540 2478 vestri
1581 2437 1702 2476 cum
1743 2421 1850 2474 An-

264 2503 456 2568 tiocho,
484 2519 608 2557 cum
644 2501 911 2572 Philippo,
938 2520 1064 2556 cum
1097 2500 1316 2574 AEtolis,
1342 2518 1466 2579 cum
1503 2499 1680 2553 Poenis
1714 2497 1850 2552 bella

267 2587 556 2650 gesserunt,
595 2587 795 2651 quanto
835 2598 928 2636 vos
970 2581 1147 2634 studio
1190 2571 1451 2645 convenit,
1489 2578 1699 2646 injuriis
1733 2592 1848 2646 pro-

267 2664 495 2719 vocatos.
543 2658 803 2715 sociorum
850 2659 1078 2714 salutem
1118 2675 1230 2713 una
1265 2674 1390 2713 cum
1435 2655 1645 2722 imperii
1691 2651 1844 2709 vestri

210 2805 257 2846 ἧχι
