2020 3027
421 78 566 129 PRO
603 75 796 129 LEGE
827 73 1164 130 MANILIA.
1240 74 1395 130 cAP.
1430 78 1480 140 6,
1500 76 1549 133 7.
1740 83 1772 135 9

184 203 456 276 dignitate
480 206 774 278 defendere,
792 208 1085 280 praesertim
1108 223 1276 277 quum
1301 205 1367 261 de
1390 205 1641 260 maximis
1663 222 1778 262 ves-

183 285 287 337 tris
310 285 660 354 vectigalibus
701 286 932 357 agatur?
991 285 1135 340 Nam
1176 291 1471 339 ceterarum
1516 284 1778 354 provinci-

182 379 344 415 arum
374 362 671 431 vectigalia,
701 363 946 430 Quirites,
970 368 1125 417 tanta
1158 367 1302 427 sunt,
1332 368 1398 416 ut
1428 362 1496 416 iis
1530 362 1600 416 ad
1635 363 1777 432 ipsas

183 441 487 509 provincias
511 441 763 496 tutandas
787 442 881 496 vix
911 441 1151 496 contenti
1183 457 1294 495 esse
1317 440 1575 511 possimus
1598 457 1615 505 ;
1648 439 1780 494 Asia

185 535 313 572 vero
347 525 461 572 tam
496 519 673 588 opima
706 525 786 573 est
826 520 882 574 et
916 519 1123 584 fertilis,
1163 525 1228 573 ut
1262 523 1318 572 et
1348 518 1592 572 ubertate
1628 534 1781 587 agro-

185 613 312 650 rum
342 602 397 650 et
429 598 686 651 varietate
717 598 994 651 fructuum
1028 602 1084 651 et
1115 595 1487 665 magnitudine
1521 594 1779 665 pastionis

185 679 245 727 et
277 675 624 729 multitudine
658 692 840 728 earum
875 691 1054 728 rerum
1085 689 1203 744 quae
1238 678 1589 742 exportantur
1621 671 1780 726 facile

187 753 431 805 omnibus
455 752 608 806 terris
628 753 926 807 antecellat.
1022 751 1215 821 Itaque
1238 750 1354 804 haec
1388 749 1535 804 vobis
1571 751 1781 820 provin·

186 829 286 894 cia,
315 828 559 896 Quirites,
587 831 632 883 si
652 836 707 885 et
728 830 856 884 belli
880 829 1174 883 utilitatem
1214 834 1269 883 et
1294 829 1437 898 pacis
1462 828 1779 898 dignitatem

185 908 412 961 retinere
446 908 624 976 vultis,
658 925 767 962 non
804 909 960 961 modo
995 923 1030 960 a
1065 906 1385 972 calamitate,
1422 905 1513 960 sed
1548 905 1712 959 etiam
1745 921 1780 958 a

185 990 338 1037 metu
368 985 693 1039 ‘calamitatis
740 993 821 1040 est
869 984 1219 1055 defendenda.
1294 982 1439 1038 Nam
1485 982 1673 1037 ceteris
1720 983 1780 1036 in
1799 989 1857 1038 15

184 1061 358 1127 rebus,
381 1080 547 1132 quum
571 1064 718 1118 venit
749 1063 1042 1126 calamitas,
1068 1068 1185 1116 tum
1218 1061 1600 1115 detrimentum
1640 1061 1778 1114 acci-

185 1139 368 1208 pitur:
412 1144 469 1194 at
506 1142 564 1194 in
597 1142 948 1212 vectigalibus
984 1157 1091 1193 non
1127 1138 1299 1193 solum
1338 1138 1597 1193 adventus
1630 1137 1778 1205 mali,

185 1215 280 1269 sed
303 1217 466 1270 etiam
489 1222 663 1271 metus
685 1219 798 1287 ipse
821 1218 973 1272 affert
998 1217 1373 1271 calamitatem.
1445 1216 1778 1286 Nam'quum

184 1292 422 1347 hostium
469 1295 633 1363 copiae
680 1311 789 1348 non
836 1295 993 1363 longe
1042 1295 1251 1361 absunt,
1298 1293 1505 1348 etiamsi
1550 1278 1777 1363 irruptio

185 1371 333 1425 facta
372 1369 522 1425 nulla
559 1373 643 1436 sit,
679 1378 859 1425 tamen
901 1388 1091 1441 pecora
1127 1371 1515 1440 relinquuntur,
1552 1369 1776 1440 agricul-
1853 1426 1864 1437 ἱ
1883 1416 1890 1435 ,
1907 1406 1934 1425 .-
1975 1388 1986 1397 ⁸

186 1454 312 1502 tura
335 1449 606 1518 deseritur,
631 1454 983 1503 mercatorum
1007 1449 1281 1524 navigatio
1306 1449 1645 1522 conquiescit,⁸
1689 1448 1777 1502 Ita
1797 1448 1852 1501 ‚0‘

184 1544 358 1597 neque
378 1544 447 1581 ex
471 1533 629 1597 portu
652 1544 822 1599 neque
845 1505 1176 1582 ὂῗὰὃόιῗῶἰε
1206 1544 1380 1597 neque
1414 1545 1483 1581 ex
1514 1506 1790 1596 scriptu&
1847 1559 1976 1626 sp

185 1605 416 1674 vectigal
454 1606 750 1660 conservari
785 1612 974 1676 potest.
1072 1604 1248 1671 Quare
1282 1622 1417 1675 saepe
1450 1605 1615 1658 totius
1645 1606 1776 1658 anni

185 1683 393 1737 fruetus
431 1700 539 1737 uno
573 1702 782 1738 rumore
817 1682 1042 1754 periculi
1076 1689 1239 1753 atque
1277 1699 1384 1736 uno
1409 1679 1547 1735 'belli
1580 1686 1775 1736 terrore

185 1762 469 1816 amittitur.
544 1761 660 1828 Quo
701 1763 918 1816 tandem
955 1761 1133 1815 animo
1153 1778 1278 1834 psse
1314 1760 1632 1813 existimatis
1679 1765 1775 1813 aut
1796 1760 1855 1809 16

187 1855 287 1902 eos,
327 1840 418 1908 qui
455 1840 740 1908 vectigalia
773 1839 926 1894 nobis
961 1816 1249 1909 p’e'risitant,
1286 1845 1384 1892 aut
1418 1856 1522 1902 e08,
1558 1838 1653 1907 qui
1686 1855 1775 1891 ex-

187 1925 366 1969 ercent
395 1923 557 1986 atque
592 1918 835 1986 exigunt,
861 1935 1029 1987 quum
1053 1916 1158 1970 duo
1189 1934 1338 1985 reges
1373 1933 1496 1970 cum
1526 1915 1773 1969 maximis

189 1994 350 2062 copiis
385 2011 546 2063 prope
593 1993 817 2047 adsint?
852 2012 1023 2064 quum
1069 2011 1181 2047 una
1221 1994 1459 2048 excursio
1506 1994 1774 2063 equitatus

186 2069 425 2140 perbrevi
450 2079 686 2138 tempore
710 2072 876 2123 totius
900 2072 1030 2125 anni
1061 2071 1291 2139 vectigal
1327 2073 1534 2125 auferre
1568 2070 1773 2141 possit?

188 2164 353 2219 quum
398 2147 673 2217 publicani
719 2148 950 2202 familias
998 2150 1266 2216 maximas,
1310 2167 1440 2219 quas
1487 2149 1547 2202 in
1592 2147 1773 2203 salinis

187 2224 399 2289 habent,
444 2242 575 2295 quas
611 2224 670 2278 in
706 2227 863 2294 agris,
909 2244 1042 2297 quas
1077 2227 1137 2280 in
1170 2226 1428 2296 portubus
1464 2231 1625 2296 atque
1659 2243 1773 2280 cus-

188 2301 359 2367 todiis,
400 2319 596 2371 magno
638 2302 874 2371 periculo
915 2321 972 2358 se
1013 2303 1206 2357 habere
1244 2303 1609 2359 arbitrentur?
1669 2304 1774 2359 Pu·

188 2378 382 2433 tatisne
422 2396 515 2433 vos
549 2378 654 2433 illis
689 2380 846 2434 rebus
880 2381 991 2434 frui
1026 2398 1191 2449 posse,
1228 2382 1334 2435 nisi
1368 2399 1471 2447 eos,
1496 2382 1594 2451 qu'i
1626 2382 1775 2435 vobis

187 2456 387 2510 fructui
409 2463 551 2525 sunt,
570 2459 1004 2513 conservaveritis
1021 2475 1128 2513 non
1146 2460 1318 2513 solum
1340 2460 1427 2531 (ut
1449 2470 1609 2514 antea
1632 2459 1770 2529 dixi)

187 2533 498 2598 calamitate,
549 2534 640 2588 sed
688 2535 849 2589 etiam
897 2536 1219 2589 calamitatis
1257 2538 1539 2591 formidine
1586 2536 1771 2590 libera·

186 2610 307 2665 tos?
362 2611 489 2665 VII:
514 2613 591 2664 Ao
616 2590 1083 2683 nefflludqui‘dein
1102 2614 1248 2666 vobis
1272 2614 1653 2683 negligendum
1676 2621 1770 2680 est,
1787 2617 1846 2668 17

186 2690 332 2763 quod‘
359 2690 493 2745 mihi
529 2707 626 2760 ego
659 2696 959 2747 extremum
993 2709 1379 2762 proposueram,
1406 2710 1572 2761 quum
1607 2707 1771 2746 essem

1777 2853 1804 2872 ..-
1811 2845 1812 2848 ,
