<?xml version="1.0" encoding="UTF-8"?>
<!DOCTYPE html PUBLIC "-//W3C//DTD XHTML 1.0 Transitional//EN"
    "http://www.w3.org/TR/xhtml1/DTD/xhtml1-transitional.dtd">
<html xmlns="http://www.w3.org/1999/xhtml" xml:lang="en" lang="en">
 <head>
  <title>
</title>
<meta http-equiv="Content-Type" content="text/html;charset=utf-8" />
  <meta name='ocr-system' content='tesseract 3.04.00' />
  <meta name='ocr-capabilities' content='ocr_page ocr_carea ocr_par ocr_line ocrx_word'/>
</head>
<body>
  <div class='ocr_page' id='page_1' title='image "./prolegemanilias00cicegoog_0081.png"; bbox 0 0 2020 3027; ppageno 0'>
   <div class='ocr_carea' id='block_1_1' title="bbox 486 116 1887 187">
    <p class='ocr_par' dir='ltr' id='par_1_1' title="bbox 486 116 1887 187">
     <span class='ocr_line' id='line_1_1' title="bbox 486 116 1887 187; baseline -0.004 0"><span class='ocrx_word' id='word_1_1' title='bbox 486 133 627 187; x_wconf 78' lang='lat' dir='ltr'><strong>PRO</strong></span> <span class='ocrx_word' id='word_1_2' title='bbox 661 133 938 187; x_wconf 74' lang='lat' dir='ltr'><strong>AncmA</strong></span> <span class='ocrx_word' id='word_1_3' title='bbox 973 131 1225 185; x_wconf 79' lang='lat' dir='ltr'><strong>POETA.</strong></span> <span class='ocrx_word' id='word_1_4' title='bbox 1294 133 1547 186; x_wconf 80' lang='lat' dir='ltr'><strong>cAP.11.</strong></span> <span class='ocrx_word' id='word_1_5' title='bbox 1735 129 1802 183; x_wconf 85' lang='lat'><strong>69</strong></span> <span class='ocrx_word' id='word_1_6' title='bbox 1867 116 1887 137; x_wconf 80' lang='lat'>⁸</span> 
     </span>
    </p>
   </div>
   <div class='ocr_carea' id='block_1_2' title="bbox 211 263 1888 2820">
    <p class='ocr_par' dir='ltr' id='par_1_2' title="bbox 211 263 1888 2820">
     <span class='ocr_line' id='line_1_2' title="bbox 221 263 1813 335; baseline -0.002 -15"><span class='ocrx_word' id='word_1_7' title='bbox 221 263 487 320; x_wconf 80' lang='lat' dir='ltr'><strong>trahimur</strong></span> <span class='ocrx_word' id='word_1_8' title='bbox 531 282 712 320; x_wconf 89' lang='lat' dir='ltr'><strong>omnes</strong></span> <span class='ocrx_word' id='word_1_9' title='bbox 757 267 932 320; x_wconf 87' lang='lat' dir='ltr'><strong>laudis</strong></span> <span class='ocrx_word' id='word_1_10' title='bbox 974 267 1168 333; x_wconf 89' lang='lat' dir='ltr'><strong>studio,</strong></span> <span class='ocrx_word' id='word_1_11' title='bbox 1209 270 1265 320; x_wconf 90' lang='lat' dir='ltr'><strong>et</strong></span> <span class='ocrx_word' id='word_1_12' title='bbox 1312 265 1544 335; x_wconf 85' lang='lat' dir='ltr'><strong>optimus</strong></span> <span class='ocrx_word' id='word_1_13' title='bbox 1591 264 1813 335; x_wconf 89' lang='lat' dir='ltr'><strong>quisque</strong></span> 
     </span>
     <span class='ocr_line' id='line_1_3' title="bbox 219 341 1812 416; baseline -0.001 -19"><span class='ocrx_word' id='word_1_14' title='bbox 219 342 450 398; x_wconf 87' lang='lat' dir='ltr'><strong>maxime</strong></span> <span class='ocrx_word' id='word_1_15' title='bbox 497 343 664 414; x_wconf 88' lang='lat' dir='ltr'><strong>gloria</strong></span> <span class='ocrx_word' id='word_1_16' title='bbox 711 344 942 401; x_wconf 78' lang='lat' dir='ltr'><strong>ducitur.</strong></span> <span class='ocrx_word' id='word_1_17' title='bbox 1015 344 1127 416; x_wconf 87' lang='lat' dir='ltr'><strong>Ipsi</strong></span> <span class='ocrx_word' id='word_1_18' title='bbox 1172 344 1257 398; x_wconf 90' lang='lat' dir='ltr'><strong>illi</strong></span> <span class='ocrx_word' id='word_1_19' title='bbox 1302 341 1602 415; x_wconf 81' lang='lat' dir='ltr'>philosophi</span> <span class='ocrx_word' id='word_1_20' title='bbox 1649 342 1812 395; x_wconf 88' lang='lat' dir='ltr'><strong>etiam</strong></span> 
     </span>
     <span class='ocr_line' id='line_1_4' title="bbox 218 419 1807 492; baseline -0.002 -17"><span class='ocrx_word' id='word_1_21' title='bbox 218 420 327 475; x_wconf 89' lang='lat' dir='ltr'><strong>illis</strong></span> <span class='ocrx_word' id='word_1_22' title='bbox 373 421 583 488; x_wconf 86' lang='lat' dir='ltr'><strong>libellis,</strong></span> <span class='ocrx_word' id='word_1_23' title='bbox 624 439 756 492; x_wconf 90' lang='lat' dir='ltr'><strong>quos</strong></span> <span class='ocrx_word' id='word_1_24' title='bbox 797 423 863 477; x_wconf 89' lang='lat' dir='ltr'><strong>de</strong></span> <span class='ocrx_word' id='word_1_25' title='bbox 910 422 1296 477; x_wconf 88' lang='lat' dir='ltr'><strong>contemnenda</strong></span> <span class='ocrx_word' id='word_1_26' title='bbox 1341 419 1509 491; x_wconf 89' lang='lat' dir='ltr'><strong>gloria</strong></span> <span class='ocrx_word' id='word_1_27' title='bbox 1555 419 1807 485; x_wconf 86' lang='lat' dir='ltr'><strong>scribunt,</strong></span> 
     </span>
     <span class='ocr_line' id='line_1_5' title="bbox 219 499 1811 569; baseline -0.002 -16"><span class='ocrx_word' id='word_1_28' title='bbox 219 516 413 553; x_wconf 88' lang='lat' dir='ltr'><strong>nomen</strong></span> <span class='ocrx_word' id='word_1_29' title='bbox 458 516 617 553; x_wconf 88' lang='lat' dir='ltr'><strong>suum</strong></span> <span class='ocrx_word' id='word_1_30' title='bbox 663 499 996 554; x_wconf 86' lang='lat' dir='ltr'><strong>inscribunt:</strong></span> <span class='ocrx_word' id='word_1_31' title='bbox 1031 500 1090 553; x_wconf 90' lang='lat' dir='ltr'><strong>in</strong></span> <span class='ocrx_word' id='word_1_32' title='bbox 1138 516 1199 553; x_wconf 94' lang='lat' dir='ltr'><strong>eo</strong></span> <span class='ocrx_word' id='word_1_33' title='bbox 1245 499 1373 569; x_wconf 90' lang='lat' dir='ltr'><strong>ipso,</strong></span> <span class='ocrx_word' id='word_1_34' title='bbox 1422 499 1481 551; x_wconf 91' lang='lat' dir='ltr'><strong>in</strong></span> <span class='ocrx_word' id='word_1_35' title='bbox 1527 514 1633 568; x_wconf 87' lang='lat' dir='ltr'><strong>quo</strong></span> <span class='ocrx_word' id='word_1_36' title='bbox 1679 515 1811 567; x_wconf 85' lang='lat' dir='ltr'><strong>prae·</strong></span> 
     </span>
     <span class='ocr_line' id='line_1_6' title="bbox 219 574 1811 649; baseline -0.001 -19"><span class='ocrx_word' id='word_1_37' title='bbox 219 574 540 631; x_wconf 79' lang='lat' dir='ltr'><strong>dicationem</strong></span> <span class='ocrx_word' id='word_1_38' title='bbox 579 577 1015 649; x_wconf 88' lang='lat' dir='ltr'><strong>nobilitatemque</strong></span> <span class='ocrx_word' id='word_1_39' title='bbox 1064 576 1381 647; x_wconf 86' lang='lat' dir='ltr'><strong>despiciunt,</strong></span> <span class='ocrx_word' id='word_1_40' title='bbox 1423 575 1697 646; x_wconf 83' lang='lat' dir='ltr'><strong>proedicari</strong></span> <span class='ocrx_word' id='word_1_41' title='bbox 1746 575 1811 628; x_wconf 88' lang='lat' dir='ltr'><strong>de</strong></span> 
     </span>
     <span class='ocr_line' id='line_1_7' title="bbox 219 652 1885 725; baseline -0.002 -17"><span class='ocrx_word' id='word_1_42' title='bbox 219 669 275 708; x_wconf 84' lang='lat' dir='ltr'><strong>se</strong></span> <span class='ocrx_word' id='word_1_43' title='bbox 320 671 385 709; x_wconf 89' lang='lat' dir='ltr'><strong>ac</strong></span> <span class='ocrx_word' id='word_1_44' title='bbox 429 655 693 708; x_wconf 88' lang='lat' dir='ltr'><strong>nominari</strong></span> <span class='ocrx_word' id='word_1_45' title='bbox 739 655 943 711; x_wconf 89' lang='lat' dir='ltr'><strong>volunt.</strong></span> <span class='ocrx_word' id='word_1_46' title='bbox 1033 654 1285 707; x_wconf 82' lang='lat' dir='ltr'><strong>Decimus</strong></span> <span class='ocrx_word' id='word_1_47' title='bbox 1334 653 1547 725; x_wconf 90' lang='lat' dir='ltr'><strong>quidem</strong></span> <span class='ocrx_word' id='word_1_48' title='bbox 1594 652 1808 719; x_wconf 85' lang='lat' dir='ltr'><strong>Brutus,</strong></span> <span class='ocrx_word' id='word_1_49' title='bbox 1828 653 1885 704; x_wconf 85' lang='lat'><strong>27</strong></span> 
     </span>
     <span class='ocr_line' id='line_1_8' title="bbox 219 729 1807 803; baseline -0.001 -20"><span class='ocrx_word' id='word_1_50' title='bbox 219 746 458 785; x_wconf 86' lang='lat' dir='ltr'><strong>summus</strong></span> <span class='ocrx_word' id='word_1_51' title='bbox 492 731 584 787; x_wconf 88' lang='lat' dir='ltr'><strong>ille</strong></span> <span class='ocrx_word' id='word_1_52' title='bbox 620 732 703 786; x_wconf 90' lang='lat' dir='ltr'><strong>vir</strong></span> <span class='ocrx_word' id='word_1_53' title='bbox 736 739 792 786; x_wconf 92' lang='lat' dir='ltr'><strong>et</strong></span> <span class='ocrx_word' id='word_1_54' title='bbox 825 733 1123 803; x_wconf 87' lang='lat' dir='ltr'><strong>imperator,</strong></span> <span class='ocrx_word' id='word_1_55' title='bbox 1163 730 1331 793; x_wconf 90' lang='lat' dir='ltr'><strong>Accii,</strong></span> <span class='ocrx_word' id='word_1_56' title='bbox 1365 729 1668 783; x_wconf 78' lang='lat' dir='ltr'><strong>amicissimi</strong></span> <span class='ocrx_word' id='word_1_57' title='bbox 1708 730 1807 794; x_wconf 88' lang='lat' dir='ltr'><strong>sui,</strong></span> 
     </span>
     <span class='ocr_line' id='line_1_9' title="bbox 219 806 1808 880; baseline -0.002 -18"><span class='ocrx_word' id='word_1_58' title='bbox 219 808 540 863; x_wconf 83' lang='lat' dir='ltr'><strong>carminibus</strong></span> <span class='ocrx_word' id='word_1_59' title='bbox 597 810 919 880; x_wconf 86' lang='lat' dir='ltr'><strong>templorum</strong></span> <span class='ocrx_word' id='word_1_60' title='bbox 975 827 1039 864; x_wconf 89' lang='lat' dir='ltr'><strong>ac</strong></span> <span class='ocrx_word' id='word_1_61' title='bbox 1102 812 1563 862; x_wconf 77' lang='lat' dir='ltr'><strong>monumentorum</strong></span> <span class='ocrx_word' id='word_1_62' title='bbox 1628 806 1808 860; x_wconf 89' lang='lat' dir='ltr'><strong>aditus</strong></span> 
     </span>
     <span class='ocr_line' id='line_1_10' title="bbox 219 884 1806 958; baseline -0.001 -19"><span class='ocrx_word' id='word_1_63' title='bbox 219 887 501 940; x_wconf 77' lang='lat' dir='ltr'><strong>exornavit</strong></span> <span class='ocrx_word' id='word_1_64' title='bbox 538 904 770 941; x_wconf 88' lang='lat' dir='ltr'><strong>suorum.</strong></span> <span class='ocrx_word' id='word_1_65' title='bbox 843 887 883 942; x_wconf 82' lang='lat' dir='ltr'><strong>J</strong></span> <span class='ocrx_word' id='word_1_66' title='bbox 885 904 968 941; x_wconf 85' lang='lat' dir='ltr'><strong>am</strong></span> <span class='ocrx_word' id='word_1_67' title='bbox 1004 904 1127 941; x_wconf 91' lang='lat' dir='ltr'><strong>vero</strong></span> <span class='ocrx_word' id='word_1_68' title='bbox 1160 886 1269 953; x_wconf 91' lang='lat' dir='ltr'><strong>ille,</strong></span> <span class='ocrx_word' id='word_1_69' title='bbox 1306 885 1398 958; x_wconf 90' lang='lat' dir='ltr'><strong>qui</strong></span> <span class='ocrx_word' id='word_1_70' title='bbox 1440 903 1563 938; x_wconf 89' lang='lat' dir='ltr'><strong>cum</strong></span> <span class='ocrx_word' id='word_1_71' title='bbox 1598 884 1806 950; x_wconf 85' lang='lat' dir='ltr'><strong>AEtolis,</strong></span> 
     </span>
     <span class='ocr_line' id='line_1_11' title="bbox 220 961 1808 1032; baseline -0.001 -15"><span class='ocrx_word' id='word_1_72' title='bbox 220 962 396 1017; x_wconf 87' lang='lat' dir='ltr'><strong>Ennio</strong></span> <span class='ocrx_word' id='word_1_73' title='bbox 420 965 627 1032; x_wconf 81' lang='lat' dir='ltr'><strong>comite,</strong></span> <span class='ocrx_word' id='word_1_74' title='bbox 652 964 889 1031; x_wconf 82' lang='lat' dir='ltr'><strong>bellavit,</strong></span> <span class='ocrx_word' id='word_1_75' title='bbox 915 963 1154 1028; x_wconf 85' lang='lat' dir='ltr'><strong>Fulvius,</strong></span> <span class='ocrx_word' id='word_1_76' title='bbox 1191 980 1296 1016; x_wconf 91' lang='lat' dir='ltr'><strong>non</strong></span> <span class='ocrx_word' id='word_1_77' title='bbox 1322 962 1593 1016; x_wconf 91' lang='lat' dir='ltr'><strong>dubitavit</strong></span> <span class='ocrx_word' id='word_1_78' title='bbox 1616 961 1808 1016; x_wconf 89' lang='lat' dir='ltr'><strong>Martis</strong></span> 
     </span>
     <span class='ocr_line' id='line_1_12' title="bbox 218 1016 1807 1112; baseline -0.001 -17"><span class='ocrx_word' id='word_1_79' title='bbox 218 1016 496 1096; x_wconf 69' lang='lat' dir='ltr'><strong>maiiublas</strong></span> <span class='ocrx_word' id='word_1_80' title='bbox 521 1043 695 1096; x_wconf 88' lang='lat' dir='ltr'><strong>Musis</strong></span> <span class='ocrx_word' id='word_1_81' title='bbox 728 1059 1045 1096; x_wconf 86' lang='lat' dir='ltr'><strong>consecrare.</strong></span> <span class='ocrx_word' id='word_1_82' title='bbox 1120 1040 1306 1109; x_wconf 84' lang='lat' dir='ltr'><strong>Quare,</strong></span> <span class='ocrx_word' id='word_1_83' title='bbox 1333 1038 1391 1094; x_wconf 89' lang='lat' dir='ltr'><strong>in</strong></span> <span class='ocrx_word' id='word_1_84' title='bbox 1415 1058 1523 1112; x_wconf 90' lang='lat' dir='ltr'><strong>qua</strong></span> <span class='ocrx_word' id='word_1_85' title='bbox 1546 1039 1676 1093; x_wconf 91' lang='lat' dir='ltr'><strong>urbe</strong></span> <span class='ocrx_word' id='word_1_86' title='bbox 1712 1041 1807 1093; x_wconf 90' lang='lat' dir='ltr'><strong>im·</strong></span> 
     </span>
     <span class='ocr_line' id='line_1_13' title="bbox 217 1117 1807 1190; baseline -0.001 -19"><span class='ocrx_word' id='word_1_87' title='bbox 217 1124 484 1188; x_wconf 76' lang='lat' dir='ltr'><strong>potatores</strong></span> <span class='ocrx_word' id='word_1_88' title='bbox 515 1136 678 1190; x_wconf 88' lang='lat' dir='ltr'><strong>prope</strong></span> <span class='ocrx_word' id='word_1_89' title='bbox 701 1121 893 1174; x_wconf 85' lang='lat' dir='ltr'><strong>armati</strong></span> <span class='ocrx_word' id='word_1_90' title='bbox 917 1123 1195 1189; x_wconf 86' lang='lat' dir='ltr'><strong>poetarum</strong></span> <span class='ocrx_word' id='word_1_91' title='bbox 1227 1135 1420 1172; x_wconf 88' lang='lat' dir='ltr'><strong>nomen</strong></span> <span class='ocrx_word' id='word_1_92' title='bbox 1442 1124 1498 1172; x_wconf 92' lang='lat' dir='ltr'><strong>et</strong></span> <span class='ocrx_word' id='word_1_93' title='bbox 1529 1117 1807 1171; x_wconf 82' lang='lat' dir='ltr'><strong>Musarum</strong></span> 
     </span>
     <span class='ocr_line' id='line_1_14' title="bbox 218 1194 1808 1265; baseline 0 -16"><span class='ocrx_word' id='word_1_94' title='bbox 218 1194 440 1250; x_wconf 84' lang='lat' dir='ltr'><strong>delubra</strong></span> <span class='ocrx_word' id='word_1_95' title='bbox 481 1196 774 1264; x_wconf 85' lang='lat' dir='ltr'><strong>coluerunt,</strong></span> <span class='ocrx_word' id='word_1_96' title='bbox 812 1197 871 1250; x_wconf 88' lang='lat' dir='ltr'><strong>in</strong></span> <span class='ocrx_word' id='word_1_97' title='bbox 916 1213 981 1250; x_wconf 88' lang='lat' dir='ltr'><strong>ea</strong></span> <span class='ocrx_word' id='word_1_98' title='bbox 1019 1211 1131 1249; x_wconf 91' lang='lat' dir='ltr'><strong>non</strong></span> <span class='ocrx_word' id='word_1_99' title='bbox 1165 1194 1358 1249; x_wconf 90' lang='lat' dir='ltr'><strong>debent</strong></span> <span class='ocrx_word' id='word_1_100' title='bbox 1392 1194 1566 1265; x_wconf 88' lang='lat' dir='ltr'><strong>togati</strong></span> <span class='ocrx_word' id='word_1_101' title='bbox 1598 1194 1808 1264; x_wconf 87' lang='lat' dir='ltr'><strong>judices</strong></span> 
     </span>
     <span class='ocr_line' id='line_1_15' title="bbox 216 1270 1728 1343; baseline -0.001 -16"><span class='ocrx_word' id='word_1_102' title='bbox 216 1290 252 1327; x_wconf 87' lang='lat' dir='ltr'><strong>a</strong></span> <span class='ocrx_word' id='word_1_103' title='bbox 279 1273 559 1327; x_wconf 79' lang='lat' dir='ltr'><strong>Musarum</strong></span> <span class='ocrx_word' id='word_1_104' title='bbox 582 1273 778 1327; x_wconf 86' lang='lat' dir='ltr'><strong>honore</strong></span> <span class='ocrx_word' id='word_1_105' title='bbox 803 1280 856 1327; x_wconf 90' lang='lat' dir='ltr'><strong>et</strong></span> <span class='ocrx_word' id='word_1_106' title='bbox 880 1291 914 1328; x_wconf 89' lang='lat' dir='ltr'><strong>a</strong></span> <span class='ocrx_word' id='word_1_107' title='bbox 936 1278 1217 1343; x_wconf 90' lang='lat' dir='ltr'><strong>poetarum</strong></span> <span class='ocrx_word' id='word_1_108' title='bbox 1240 1270 1409 1326; x_wconf 89' lang='lat' dir='ltr'><strong>salute</strong></span> <span class='ocrx_word' id='word_1_109' title='bbox 1434 1271 1728 1326; x_wconf 87' lang='lat' dir='ltr'><strong>abhorrere.</strong></span> 
     </span>
     <span class='ocr_line' id='line_1_16' title="bbox 287 1349 1888 1421; baseline -0.001 -16"><span class='ocrx_word' id='word_1_110' title='bbox 287 1349 483 1421; x_wconf 87' lang='lat' dir='ltr'><strong>Atque,</strong></span> <span class='ocrx_word' id='word_1_111' title='bbox 532 1357 596 1404; x_wconf 94' lang='lat' dir='ltr'><strong>ut</strong></span> <span class='ocrx_word' id='word_1_112' title='bbox 649 1350 708 1405; x_wconf 92' lang='lat' dir='ltr'><strong>id</strong></span> <span class='ocrx_word' id='word_1_113' title='bbox 765 1350 1020 1405; x_wconf 89' lang='lat' dir='ltr'><strong>libentius</strong></span> <span class='ocrx_word' id='word_1_114' title='bbox 1077 1349 1303 1415; x_wconf 87' lang='lat' dir='ltr'><strong>faciatis,</strong></span> <span class='ocrx_word' id='word_1_115' title='bbox 1345 1352 1462 1420; x_wconf 75' lang='lat' dir='ltr'><strong>Jam</strong></span> <span class='ocrx_word' id='word_1_116' title='bbox 1507 1368 1594 1404; x_wconf 91' lang='lat' dir='ltr'><strong>me</strong></span> <span class='ocrx_word' id='word_1_117' title='bbox 1641 1349 1804 1415; x_wconf 89' lang='lat' dir='ltr'><strong>vobis,</strong></span> <span class='ocrx_word' id='word_1_118' title='bbox 1821 1356 1888 1408; x_wconf 82' lang='lat'><strong>28</strong></span> 
     </span>
     <span class='ocr_line' id='line_1_17' title="bbox 211 1427 1803 1499; baseline 0 -18"><span class='ocrx_word' id='word_1_119' title='bbox 211 1427 434 1499; x_wconf 87' lang='lat' dir='ltr'><strong>judices,</strong></span> <span class='ocrx_word' id='word_1_120' title='bbox 469 1427 730 1494; x_wconf 87' lang='lat' dir='ltr'><strong>indicabo,</strong></span> <span class='ocrx_word' id='word_1_121' title='bbox 769 1434 825 1483; x_wconf 90' lang='lat' dir='ltr'><strong>et</strong></span> <span class='ocrx_word' id='word_1_122' title='bbox 866 1427 932 1482; x_wconf 92' lang='lat' dir='ltr'><strong>de</strong></span> <span class='ocrx_word' id='word_1_123' title='bbox 966 1445 1085 1482; x_wconf 91' lang='lat' dir='ltr'><strong>meo</strong></span> <span class='ocrx_word' id='word_1_124' title='bbox 1120 1427 1350 1497; x_wconf 88' lang='lat' dir='ltr'><strong>quodam</strong></span> <span class='ocrx_word' id='word_1_125' title='bbox 1392 1443 1568 1481; x_wconf 87' lang='lat' dir='ltr'><strong>amore</strong></span> <span class='ocrx_word' id='word_1_126' title='bbox 1609 1428 1803 1497; x_wconf 85' lang='lat' dir='ltr'><strong>gloriae,</strong></span> 
     </span>
     <span class='ocr_line' id='line_1_18' title="bbox 216 1504 1806 1573; baseline 0 -12"><span class='ocrx_word' id='word_1_127' title='bbox 216 1506 377 1561; x_wconf 89' lang='lat' dir='ltr'><strong>nimis</strong></span> <span class='ocrx_word' id='word_1_128' title='bbox 411 1506 521 1561; x_wconf 91' lang='lat' dir='ltr'><strong>acri</strong></span> <span class='ocrx_word' id='word_1_129' title='bbox 557 1506 790 1573; x_wconf 86' lang='lat' dir='ltr'><strong>fortasse,</strong></span> <span class='ocrx_word' id='word_1_130' title='bbox 825 1512 1193 1562; x_wconf 82' lang='lat' dir='ltr'><strong>verumtamen</strong></span> <span class='ocrx_word' id='word_1_131' title='bbox 1230 1505 1464 1572; x_wconf 82' lang='lat' dir='ltr'><strong>honesto,</strong></span> <span class='ocrx_word' id='word_1_132' title='bbox 1502 1504 1650 1561; x_wconf 89' lang='lat' dir='ltr'><strong>vobis</strong></span> <span class='ocrx_word' id='word_1_133' title='bbox 1686 1524 1806 1561; x_wconf 89' lang='lat' dir='ltr'><strong>con-</strong></span> 
     </span>
     <span class='ocr_line' id='line_1_19' title="bbox 215 1583 1807 1655; baseline 0 -17"><span class='ocrx_word' id='word_1_134' title='bbox 215 1583 419 1638; x_wconf 85' lang='lat' dir='ltr'><strong>fitebor.</strong></span> <span class='ocrx_word' id='word_1_135' title='bbox 491 1583 645 1650; x_wconf 85' lang='lat' dir='ltr'><strong>Nam,</strong></span> <span class='ocrx_word' id='word_1_136' title='bbox 672 1601 804 1655; x_wconf 88' lang='lat' dir='ltr'><strong>quas</strong></span> <span class='ocrx_word' id='word_1_137' title='bbox 825 1601 908 1639; x_wconf 89' lang='lat' dir='ltr'><strong>res</strong></span> <span class='ocrx_word' id='word_1_138' title='bbox 931 1601 1027 1638; x_wconf 90' lang='lat' dir='ltr'><strong>nos</strong></span> <span class='ocrx_word' id='word_1_139' title='bbox 1051 1584 1111 1638; x_wconf 87' lang='lat' dir='ltr'><strong>in</strong></span> <span class='ocrx_word' id='word_1_140' title='bbox 1128 1583 1410 1638; x_wconf 88' lang='lat' dir='ltr'><strong>consulatu</strong></span> <span class='ocrx_word' id='word_1_141' title='bbox 1432 1591 1610 1638; x_wconf 87' lang='lat' dir='ltr'><strong>nostro</strong></span> <span class='ocrx_word' id='word_1_142' title='bbox 1636 1583 1807 1639; x_wconf 84' lang='lat' dir='ltr'><strong>vobis·</strong></span> 
     </span>
     <span class='ocr_line' id='line_1_20' title="bbox 215 1660 1807 1733; baseline 0.001 -19"><span class='ocrx_word' id='word_1_143' title='bbox 215 1678 341 1715; x_wconf 91' lang='lat' dir='ltr'><strong>cum</strong></span> <span class='ocrx_word' id='word_1_144' title='bbox 375 1661 531 1715; x_wconf 89' lang='lat' dir='ltr'><strong>simul</strong></span> <span class='ocrx_word' id='word_1_145' title='bbox 568 1679 662 1731; x_wconf 88' lang='lat' dir='ltr'><strong>pro</strong></span> <span class='ocrx_word' id='word_1_146' title='bbox 697 1661 870 1716; x_wconf 87' lang='lat' dir='ltr'><strong>salute</strong></span> <span class='ocrx_word' id='word_1_147' title='bbox 904 1662 1067 1733; x_wconf 85' lang='lat' dir='ltr'><strong>hujus</strong></span> <span class='ocrx_word' id='word_1_148' title='bbox 1106 1660 1255 1716; x_wconf 89' lang='lat' dir='ltr'><strong>urbis</strong></span> <span class='ocrx_word' id='word_1_149' title='bbox 1293 1669 1455 1732; x_wconf 87' lang='lat' dir='ltr'><strong>atque</strong></span> <span class='ocrx_word' id='word_1_150' title='bbox 1495 1662 1706 1731; x_wconf 85' lang='lat' dir='ltr'><strong>imperii</strong></span> <span class='ocrx_word' id='word_1_151' title='bbox 1753 1669 1807 1716; x_wconf 82' lang='lat' dir='ltr'><strong>et</strong></span> 
     </span>
     <span class='ocr_line' id='line_1_21' title="bbox 216 1737 1805 1811; baseline 0.001 -19"><span class='ocrx_word' id='word_1_152' title='bbox 216 1756 313 1809; x_wconf 88' lang='lat' dir='ltr'><strong>pro</strong></span> <span class='ocrx_word' id='word_1_153' title='bbox 335 1738 451 1794; x_wconf 85' lang='lat' dir='ltr'><strong>vita</strong></span> <span class='ocrx_word' id='word_1_154' title='bbox 484 1737 682 1793; x_wconf 90' lang='lat' dir='ltr'><strong>civium</strong></span> <span class='ocrx_word' id='word_1_155' title='bbox 716 1756 916 1811; x_wconf 88' lang='lat' dir='ltr'><strong>proque</strong></span> <span class='ocrx_word' id='word_1_156' title='bbox 949 1739 1199 1793; x_wconf 86' lang='lat' dir='ltr'><strong>universa</strong></span> <span class='ocrx_word' id='word_1_157' title='bbox 1232 1738 1511 1808; x_wconf 75' lang='lat' dir='ltr'><strong>republica¹</strong></span> <span class='ocrx_word' id='word_1_158' title='bbox 1536 1739 1805 1808; x_wconf 85' lang='lat' dir='ltr'><strong>gessimus,</strong></span> 
     </span>
     <span class='ocr_line' id='line_1_22' title="bbox 217 1815 1802 1887; baseline -0.001 -16"><span class='ocrx_word' id='word_1_159' title='bbox 217 1815 403 1886; x_wconf 85' lang='lat' dir='ltr'><strong>attigit</strong></span> <span class='ocrx_word' id='word_1_160' title='bbox 437 1815 527 1870; x_wconf 81' lang='lat' dir='ltr'><strong>hic</strong></span> <span class='ocrx_word' id='word_1_161' title='bbox 550 1815 787 1871; x_wconf 86' lang='lat' dir='ltr'><strong>versibus</strong></span> <span class='ocrx_word' id='word_1_162' title='bbox 822 1822 983 1887; x_wconf 86' lang='lat' dir='ltr'><strong>atque</strong></span> <span class='ocrx_word' id='word_1_163' title='bbox 1018 1815 1322 1871; x_wconf 82' lang='lat' dir='ltr'><strong>inchoavit:</strong></span> <span class='ocrx_word' id='word_1_164' title='bbox 1365 1815 1557 1887; x_wconf 87' lang='lat' dir='ltr'><strong>quibus</strong></span> <span class='ocrx_word' id='word_1_165' title='bbox 1588 1816 1802 1883; x_wconf 88' lang='lat' dir='ltr'><strong>auditis,</strong></span> 
     </span>
     <span class='ocr_line' id='line_1_23' title="bbox 216 1893 1804 1964; baseline 0.001 -18"><span class='ocrx_word' id='word_1_166' title='bbox 216 1894 359 1964; x_wconf 92' lang='lat' dir='ltr'><strong>quod</strong></span> <span class='ocrx_word' id='word_1_167' title='bbox 382 1893 519 1947; x_wconf 84' lang='lat' dir='ltr'><strong>mihi</strong></span> <span class='ocrx_word' id='word_1_168' title='bbox 536 1911 623 1947; x_wconf 89' lang='lat' dir='ltr'><strong>ma</strong></span> <span class='ocrx_word' id='word_1_169' title='bbox 696 1911 730 1948; x_wconf 91' lang='lat' dir='ltr'><strong>a</strong></span> <span class='ocrx_word' id='word_1_170' title='bbox 749 1911 832 1948; x_wconf 86' lang='lat' dir='ltr'><strong>res</strong></span> <span class='ocrx_word' id='word_1_171' title='bbox 850 1902 904 1948; x_wconf 91' lang='lat' dir='ltr'><strong>et</strong></span> <span class='ocrx_word' id='word_1_172' title='bbox 918 1893 1165 1964; x_wconf 85' lang='lat' dir='ltr'><strong>jucunda</strong></span> <span class='ocrx_word' id='word_1_173' title='bbox 1182 1893 1295 1947; x_wconf 89' lang='lat' dir='ltr'><strong>visa</strong></span> <span class='ocrx_word' id='word_1_174' title='bbox 1317 1899 1409 1958; x_wconf 90' lang='lat' dir='ltr'><strong>est,</strong></span> <span class='ocrx_word' id='word_1_175' title='bbox 1430 1894 1574 1947; x_wconf 90' lang='lat' dir='ltr'><strong>hunc</strong></span> <span class='ocrx_word' id='word_1_176' title='bbox 1597 1894 1667 1947; x_wconf 88' lang='lat' dir='ltr'><strong>ad</strong></span> <span class='ocrx_word' id='word_1_177' title='bbox 1690 1912 1804 1964; x_wconf 89' lang='lat' dir='ltr'><strong>per·</strong></span> 
     </span>
     <span class='ocr_line' id='line_1_24' title="bbox 214 1957 1838 2073; baseline -0.001 -46"><span class='ocrx_word' id='word_1_178' title='bbox 214 1971 501 2052; x_wconf 69' lang='lat' dir='ltr'><strong>{iciendum</strong></span> <span class='ocrx_word' id='word_1_179' title='bbox 534 1957 610 2026; x_wconf 70' lang='lat' dir='ltr'><strong>hB&#39;</strong></span> <span class='ocrx_word' id='word_1_180' title='bbox 662 1961 783 2025; x_wconf 62' lang='lat' dir='ltr'><strong>”tiis</strong></span> <span class='ocrx_word' id='word_1_181' title='bbox 815 1989 948 2027; x_wconf 89' lang='lat' dir='ltr'><strong>sum.</strong></span> <span class='ocrx_word' id='word_1_182' title='bbox 1022 1970 1243 2026; x_wconf 83' lang='lat' dir='ltr'><strong>Nullam</strong></span> <span class='ocrx_word' id='word_1_183' title='bbox 1278 1970 1421 2025; x_wconf 92' lang='lat' dir='ltr'><strong>enim</strong></span> <span class='ocrx_word' id='word_1_184' title='bbox 1445 1971 1617 2025; x_wconf 89' lang='lat' dir='ltr'><strong>virtus</strong></span> <span class='ocrx_word' id='word_1_185' title='bbox 1640 1965 1838 2073; x_wconf 42' lang='lat' dir='ltr'><strong>aliam—x</strong></span> 
     </span>
     <span class='ocr_line' id='line_1_25' title="bbox 215 2040 1806 2120; baseline 0 -17"><span class='ocrx_word' id='word_1_186' title='bbox 215 2040 511 2104; x_wconf 59' lang='lat' dir='ltr'><strong>mei-‘cedem</strong></span> <span class='ocrx_word' id='word_1_187' title='bbox 543 2047 781 2103; x_wconf 87' lang='lat' dir='ltr'><strong>laborum</strong></span> <span class='ocrx_word' id='word_1_188' title='bbox 817 2048 1276 2120; x_wconf 87' lang='lat' dir='ltr'><strong>periculorumque</strong></span> <span class='ocrx_word' id='word_1_189' title='bbox 1313 2047 1587 2116; x_wconf 86' lang='lat' dir='ltr'><strong>desiderat,</strong></span> <span class='ocrx_word' id='word_1_190' title='bbox 1615 2056 1806 2120; x_wconf 83' lang='lat' dir='ltr'><strong>praeter</strong></span> 
     </span>
     <span class='ocr_line' id='line_1_26' title="bbox 215 2125 1804 2197; baseline 0 -15"><span class='ocrx_word' id='word_1_191' title='bbox 215 2126 357 2182; x_wconf 86' lang='lat' dir='ltr'><strong>hanc</strong></span> <span class='ocrx_word' id='word_1_192' title='bbox 379 2125 551 2181; x_wconf 88' lang='lat' dir='ltr'><strong>laudis</strong></span> <span class='ocrx_word' id='word_1_193' title='bbox 575 2138 630 2181; x_wconf 90' lang='lat' dir='ltr'><strong>et</strong></span> <span class='ocrx_word' id='word_1_194' title='bbox 664 2126 877 2196; x_wconf 82' lang='lat' dir='ltr'><strong>gloriae3</strong></span> <span class='ocrx_word' id='word_1_195' title='bbox 915 2144 1023 2197; x_wconf 88' lang='lat' dir='ltr'><strong>qua</strong></span> <span class='ocrx_word' id='word_1_196' title='bbox 1057 2125 1274 2196; x_wconf 87' lang='lat' dir='ltr'><strong>quidem</strong></span> <span class='ocrx_word' id='word_1_197' title='bbox 1308 2125 1560 2193; x_wconf 88' lang='lat' dir='ltr'><strong>detracta,</strong></span> <span class='ocrx_word' id='word_1_198' title='bbox 1580 2127 1804 2196; x_wconf 87' lang='lat' dir='ltr'><strong>judices,</strong></span> 
     </span>
     <span class='ocr_line' id='line_1_27' title="bbox 216 2093 1850 2372; baseline 0 -114"><span class='ocrx_word' id='word_1_199' title='bbox 216 2204 349 2277; x_wconf 89' lang='lat' dir='ltr'><strong>quid</strong></span> <span class='ocrx_word' id='word_1_200' title='bbox 383 2210 478 2269; x_wconf 88' lang='lat' dir='ltr'><strong>est,</strong></span> <span class='ocrx_word' id='word_1_201' title='bbox 515 2204 657 2274; x_wconf 91' lang='lat' dir='ltr'><strong>quod</strong></span> <span class='ocrx_word' id='word_1_202' title='bbox 692 2204 751 2256; x_wconf 89' lang='lat' dir='ltr'><strong>in</strong></span> <span class='ocrx_word' id='word_1_203' title='bbox 786 2204 886 2258; x_wconf 91' lang='lat' dir='ltr'><strong>hoc</strong></span> <span class='ocrx_word' id='word_1_204' title='bbox 922 2213 1036 2258; x_wconf 84' lang='lat' dir='ltr'><strong>tam</strong></span> <span class='ocrx_word' id='word_1_205' title='bbox 1070 2203 1266 2274; x_wconf 82' lang='lat' dir='ltr'><strong>exiguo</strong></span> <span class='ocrx_word' id='word_1_206' title='bbox 1301 2202 1425 2258; x_wconf 84' lang='lat' dir='ltr'><strong>vitoe</strong></span> <span class='ocrx_word' id='word_1_207' title='bbox 1456 2204 1717 2260; x_wconf 86' lang='lat' dir='ltr'><strong>curriculo</strong></span> <span class='ocrx_word' id='word_1_208' title='bbox 1748 2093 1850 2372; x_wconf 58' lang='lat' dir='ltr'><strong>et&gt;</strong></span> 
     </span>
     <span class='ocr_line' id='line_1_28' title="bbox 215 2279 1883 2351; baseline 0.002 -14"><span class='ocrx_word' id='word_1_209' title='bbox 215 2288 332 2337; x_wconf 82' lang='lat' dir='ltr'><strong>tam</strong></span> <span class='ocrx_word' id='word_1_210' title='bbox 354 2281 501 2336; x_wconf 88' lang='lat' dir='ltr'><strong>brevi</strong></span> <span class='ocrx_word' id='word_1_211' title='bbox 524 2281 688 2335; x_wconf 90' lang='lat' dir='ltr'><strong>tantis</strong></span> <span class='ocrx_word' id='word_1_212' title='bbox 711 2297 806 2334; x_wconf 89' lang='lat' dir='ltr'><strong>nos</strong></span> <span class='ocrx_word' id='word_1_213' title='bbox 829 2281 888 2334; x_wconf 92' lang='lat' dir='ltr'><strong>in</strong></span> <span class='ocrx_word' id='word_1_214' title='bbox 911 2279 1178 2336; x_wconf 87' lang='lat' dir='ltr'><strong>laboribus</strong></span> <span class='ocrx_word' id='word_1_215' title='bbox 1210 2297 1545 2335; x_wconf 85' lang='lat' dir='ltr'><strong>exerceamus</strong></span> <span class='ocrx_word' id='word_1_216' title='bbox 1566 2281 1588 2336; x_wconf 74' lang='lat' dir='ltr'><strong>‘l</strong></span> <span class='ocrx_word' id='word_1_217' title='bbox 1638 2283 1802 2351; x_wconf 85' lang='lat' dir='ltr'><strong>Certe,</strong></span> <span class='ocrx_word' id='word_1_218' title='bbox 1854 2293 1883 2341; x_wconf 88' lang='grc'>9</span> 
     </span>
     <span class='ocr_line' id='line_1_29' title="bbox 213 2357 1828 2429; baseline -0.001 -14"><span class='ocrx_word' id='word_1_219' title='bbox 213 2360 262 2416; x_wconf 82' lang='lat' dir='ltr'><strong>si</strong></span> <span class='ocrx_word' id='word_1_220' title='bbox 284 2358 420 2413; x_wconf 88' lang='lat' dir='ltr'><strong>nihil</strong></span> <span class='ocrx_word' id='word_1_221' title='bbox 443 2357 653 2412; x_wconf 88' lang='lat' dir='ltr'><strong>animus</strong></span> <span class='ocrx_word' id='word_1_222' title='bbox 685 2358 1013 2427; x_wconf 68' lang='lat' dir='ltr'><strong>praesentiret</strong></span> <span class='ocrx_word' id='word_1_223' title='bbox 1047 2358 1105 2411; x_wconf 92' lang='lat' dir='ltr'><strong>in</strong></span> <span class='ocrx_word' id='word_1_224' title='bbox 1128 2365 1413 2429; x_wconf 89' lang='lat' dir='ltr'><strong>posterum,</strong></span> <span class='ocrx_word' id='word_1_225' title='bbox 1437 2365 1494 2413; x_wconf 94' lang='lat' dir='ltr'><strong>et</strong></span> <span class='ocrx_word' id='word_1_226' title='bbox 1523 2359 1584 2427; x_wconf 91' lang='lat' dir='ltr'><strong>si,</strong></span> <span class='ocrx_word' id='word_1_227' title='bbox 1610 2359 1828 2429; x_wconf 54' lang='lat' dir='ltr'><strong>quibusss</strong></span> 
     </span>
     <span class='ocr_line' id='line_1_30' title="bbox 213 2419 1824 2507; baseline -0.001 -14"><span class='ocrx_word' id='word_1_228' title='bbox 213 2435 518 2507; x_wconf 84' lang='lat' dir='ltr'><strong>regionibus</strong></span> <span class='ocrx_word' id='word_1_229' title='bbox 553 2437 677 2491; x_wconf 78' lang='lat' dir='ltr'><strong>vitae</strong></span> <span class='ocrx_word' id='word_1_230' title='bbox 712 2427 945 2507; x_wconf 86' lang='lat' dir='ltr'><strong>spatium</strong></span> <span class='ocrx_word' id='word_1_231' title='bbox 981 2436 1441 2506; x_wconf 87' lang='lat' dir='ltr'><strong>circumscriptum</strong></span> <span class='ocrx_word' id='word_1_232' title='bbox 1475 2443 1571 2505; x_wconf 89' lang='lat' dir='ltr'><strong>est,</strong></span> <span class='ocrx_word' id='word_1_233' title='bbox 1606 2419 1824 2506; x_wconf 58' lang='lat' dir='ltr'><strong>eisdem?</strong></span> 
     </span>
     <span class='ocr_line' id='line_1_31' title="bbox 215 2514 1801 2583; baseline 0.001 -14"><span class='ocrx_word' id='word_1_234' title='bbox 215 2530 395 2569; x_wconf 90' lang='lat' dir='ltr'><strong>omnes</strong></span> <span class='ocrx_word' id='word_1_235' title='bbox 441 2514 786 2583; x_wconf 86' lang='lat' dir='ltr'><strong>cogitationes</strong></span> <span class='ocrx_word' id='word_1_236' title='bbox 841 2514 1149 2567; x_wconf 86' lang='lat' dir='ltr'><strong>terminaret</strong></span> <span class='ocrx_word' id='word_1_237' title='bbox 1195 2530 1331 2579; x_wconf 83' lang='lat' dir='ltr'><strong>suas,</strong></span> <span class='ocrx_word' id='word_1_238' title='bbox 1378 2530 1476 2568; x_wconf 89' lang='lat' dir='ltr'><strong>nec</strong></span> <span class='ocrx_word' id='word_1_239' title='bbox 1523 2515 1689 2569; x_wconf 86' lang='lat' dir='ltr'><strong>tantis</strong></span> <span class='ocrx_word' id='word_1_240' title='bbox 1748 2534 1801 2571; x_wconf 84' lang='lat' dir='ltr'><strong>se</strong></span> 
     </span>
     <span class='ocr_line' id='line_1_32' title="bbox 213 2519 1832 2751; baseline -0.001 -105"><span class='ocrx_word' id='word_1_241' title='bbox 213 2590 482 2647; x_wconf 88' lang='lat' dir='ltr'><strong>laboribus</strong></span> <span class='ocrx_word' id='word_1_242' title='bbox 528 2592 810 2661; x_wconf 87' lang='lat' dir='ltr'><strong>frangeret,</strong></span> <span class='ocrx_word' id='word_1_243' title='bbox 854 2608 1026 2662; x_wconf 89' lang='lat' dir='ltr'><strong>neque</strong></span> <span class='ocrx_word' id='word_1_244' title='bbox 1066 2597 1147 2646; x_wconf 88' lang='lat' dir='ltr'><strong>tot</strong></span> <span class='ocrx_word' id='word_1_245' title='bbox 1195 2519 1832 2751; x_wconf 43' lang='lat' dir='ltr'><strong>curis5yigiw</strong></span> 
     </span>
     <span class='ocr_line' id='line_1_33' title="bbox 212 2668 1801 2739; baseline 0.003 -17"><span class='ocrx_word' id='word_1_246' title='bbox 212 2675 444 2739; x_wconf 85' lang='lat' dir='ltr'><strong>geretur,</strong></span> <span class='ocrx_word' id='word_1_247' title='bbox 487 2686 660 2739; x_wconf 84' lang='lat' dir='ltr'><strong>neque</strong></span> <span class='ocrx_word' id='word_1_248' title='bbox 694 2669 852 2723; x_wconf 86' lang='lat' dir='ltr'><strong>toties</strong></span> <span class='ocrx_word' id='word_1_249' title='bbox 886 2668 953 2724; x_wconf 88' lang='lat' dir='ltr'><strong>de</strong></span> <span class='ocrx_word' id='word_1_250' title='bbox 991 2669 1101 2723; x_wconf 81' lang='lat' dir='ltr'><strong>vita</strong></span> <span class='ocrx_word' id='word_1_251' title='bbox 1133 2668 1252 2738; x_wconf 86' lang='lat' dir='ltr'><strong>ipsa</strong></span> <span class='ocrx_word' id='word_1_252' title='bbox 1285 2668 1576 2725; x_wconf 87' lang='lat' dir='ltr'><strong>dimicaret.</strong></span> <span class='ocrx_word' id='word_1_253' title='bbox 1701 2688 1801 2726; x_wconf 90' lang='lat' dir='ltr'><strong>unc</strong></span> 
     </span>
     <span class='ocr_line' id='line_1_34' title="bbox 211 2745 1801 2820; baseline 0 -14"><span class='ocrx_word' id='word_1_254' title='bbox 211 2745 410 2806; x_wconf 75' lang='lat' dir='ltr'><strong>insidet</strong></span> <span class='ocrx_word' id='word_1_255' title='bbox 444 2748 687 2819; x_wconf 84' lang='lat' dir='ltr'><strong>quaedam</strong></span> <span class='ocrx_word' id='word_1_256' title='bbox 723 2746 781 2802; x_wconf 90' lang='lat' dir='ltr'><strong>in</strong></span> <span class='ocrx_word' id='word_1_257' title='bbox 817 2747 1017 2818; x_wconf 87' lang='lat' dir='ltr'><strong>optimo</strong></span> <span class='ocrx_word' id='word_1_258' title='bbox 1052 2763 1261 2819; x_wconf 87' lang='lat' dir='ltr'><strong>quoque</strong></span> <span class='ocrx_word' id='word_1_259' title='bbox 1297 2747 1483 2819; x_wconf 89' lang='lat' dir='ltr'><strong>virtus,</strong></span> <span class='ocrx_word' id='word_1_260' title='bbox 1519 2766 1640 2820; x_wconf 83' lang='lat' dir='ltr'><strong>quae</strong></span> <span class='ocrx_word' id='word_1_261' title='bbox 1680 2765 1801 2807; x_wconf 84' lang='lat' dir='ltr'><strong>noc·</strong></span> 
     </span>
    </p>
   </div>
   <div class='ocr_carea' id='block_1_3' title="bbox 1797 2863 1864 2904">
    <p class='ocr_par' dir='ltr' id='par_1_3' title="bbox 1797 2863 1864 2904">
     <span class='ocr_line' id='line_1_35' title="bbox 1797 2863 1864 2904; baseline 0 0"><span class='ocrx_word' id='word_1_262' title='bbox 1797 2863 1864 2904; x_wconf 15' lang='lat' dir='ltr'><strong>‘s‘</strong></span> 
     </span>
    </p>
   </div>
  </div>
 </body>
</html>
