2020 3027
324 102 392 151 20
975 101 1245 151 ORATIO

318 232 443 286 dam
466 230 824 298 continentia3
861 232 1004 302 quod
1033 234 1152 302 jam
1173 231 1480 286 nationibus
1516 232 1710 288 exteris
1741 232 1908 288 incre·

320 309 483 365 dibile
521 328 586 364 ac
607 309 740 364 falso
779 311 1047 365 memoriae
1081 311 1349 380 proditum
1384 310 1678 364 videbatur.
1747 310 1907 367 Nunc

319 387 530 455 imperii
575 387 737 441 vestri
783 387 1030 457 splendor
1075 386 1180 441 illis
1226 387 1475 456 gentibus
1515 387 1689 442 lucem
1725 388 1908 444 afferre

322 466 514 535 coepit:
551 483 694 520 nunc
729 467 1042 535 intelligunt
1075 484 1184 521 non
1207 467 1320 520 sine
1354 483 1514 520 causa
1544 468 1763 535 majores
1785 484 1908 520 suos

321 547 456 635 qim,
490 560 659 612 quum
693 561 756 597 ea
789 545 1143 613 temperantia
1188 543 1530 612 magistratus
1569 540 1906 609 habebamus,

322 620 514 674 servire
537 620 732 690 populo
756 619 1012 686 Romano,
1039 638 1201 692 quam
1222 620 1479 690 imperare
1502 618 1621 672 aliis
1643 619 1907 674 maluisse.

321 697 361 752 J
362 714 449 750 am
488 714 611 753 vero
651 699 730 752 ita
768 698 949 751 faciles
983 698 1163 752 aditus
1197 698 1267 752 ad
1299 715 1422 751 eum
1457 697 1795 766 privatorum,
1829 696 1911 753 ita

320 775 499 829 liberae
534 775 877 846 querimoniae
913 776 978 830 de
1014 776 1251 829 aliorum<
1272 775 1482 844 injuriis
1506 792 1616 829 esse
1639 775 1906 841 dicuntur,

322 859 387 905 ut
432 852 492 920 is,
541 853 634 922 qui
682 852 947 921 dignitate
992 851 1319 923 principibus
1377 853 1601 918 excellit,
1648 852 1910 909 facilitate

242 945 304 991 42
323 948 417 999 par
462 930 657 983 infimis
704 948 814 984 esse
860 931 1120 984 videatur.
1192 929 1233 983 J
1234 948 1321 983 am
1368 937 1631 1000 quantum
1676 931 1912 1000 consili0,

321 1012 584 1076 quantum
628 1006 840 1061 dicendi
886 1007 1150 1075 gravitate
1196 1012 1252 1062 et
1299 1008 1452 1076 copia
1485 1007 1674 1074 valeat,
1709 1008 1768 1060 in
1801 1025 1911 1078 quo

320 1085 434 1153 ipso
457 1084 596 1138 inest
618 1084 860 1154 quaedam
883 1083 1117 1153 dignitas
1147 1085 1503 1154 imperatoria,
1524 1101 1633 1152 voS,
1658 1083 1910 1152 QuiriteS,

319 1160 419 1215 hoc
459 1160 572 1231 ipso
605 1179 673 1217 ex
712 1162 825 1215 loco
861 1178 997 1231 saepe
1044 1162 1324 1232 cognostis,
1396 1162 1583 1216 Fidem
1625 1179 1746 1216 vero
1792 1165 1914 1233 ejus
1975 1202 1976 1207 η

320 1237 461 1292 inter
484 1237 649 1292 socios
681 1242 938 1308 quantam
969 1238 1262 1292 existimari
1292 1239 1511 1309 putatis,
1538 1256 1700 1308 quam
1731 1239 1915 1293 hostes

321 1316 557 1369 omnium
580 1316 825 1384 gentium
848 1317 1233 1371 sanctissimam
1260 1315 1594 1388 judicarint?
1649 1315 1916 1371 Humani-

320 1395 433 1448 tate
446 1395 564 1463 jam
588 1398 742 1447 tanta
765 1397 859 1459 est,
881 1399 948 1447 ut
979 1393 1193 1448 difficile
1226 1395 1374 1450 dictu
1406 1395 1490 1463 sit,
1512 1399 1698 1448 utrum
1731 1394 1916 1450 hostes

318 1471 488 1541 magis
511 1470 768 1527 virtutem
791 1472 904 1541 ejus
927 1477 1227 1565 pugnffffl
1249 1472 1545 1541 timuerint,
1568 1490 1639 1527 an
1669 1464 1919 1542 mansue-

320 1549 561 1605 tudinem
606 1550 738 1604 victi
786 1537 1086 1605 dilexer'i‘nt}
1175 1549 1249 1604 Et
1294 1551 1577 1621 quisquam
1623 1550 1917 1619 dubitabit,

320 1626 450 1697 quin
498 1626 627 1681 huic
669 1626 770 1681 hoc
811 1631 1028 1681 tantum
1068 1625 1268 1700 belium
1307 1628 1779 1683 transmittendum
1824 1629 1917 1696 sit„

319 1706 413 1775 qui
437 1706 506 1759 ad
529 1703 707 1759 omnia
729 1709 920 1759 nostrae
943 1705 1207 1759 memoriae
1223 1704 1364 1759 bella
1386 1705 1708 1761 conficienda
1727 1706 1921 1763 divino

319 1783 550 1852 quodam
572 1781 790 1836 consilio
814 1788 975 1836 natus
999 1800 1109 1836 esse
1134 1783 1411 1838 videatur?

235 1872 300 1919 43
387 1860 504 1916 XV.
553 1858 626 1914 Et
689 1860 940 1930 quoniam
997 1860 1284 1914 auctoritas
1330 1860 1564 1914 multum
1635 1860 1695 1915 in
1755 1859 1921 1916 bellis

316 1955 524 2007 quoque
558 1937 993 1991 administrandis
1029 1944 1192 2007 atque
1226 1938 1445 2007 imperio
1483 1938 1699 1991 militari
1747 1939 1921 2008 valet,

315 2021 455 2069 certe
477 2015 678 2069 nemini
712 2013 940 2086 dubium
973 2019 1069 2078 est,
1096 2015 1228 2084 quin
1264 2032 1326 2069 ea
1348 2032 1406 2069 re
1442 2016 1583 2069 idem
1616 2015 1707 2069 ille
1743 2014 1924 2087 impe-

314 2098 457 2147 rator
479 2071 976 2162 pluriniuffl'fioss‘it.
1052 2091 1402 2146 Vehementer
1431 2100 1613 2146 autem
1643 2094 1924 2162 pertinere

315 2169 385 2224 ad
431 2168 572 2223 bella
607 2167 1043 2234 administranda,
1091 2169 1223 2238 quid
1268 2169 1461 2235 hostes,
1508 2169 1640 2239 quid
1687 2171 1823 2224 socii
1851 2172 1923 2226 de

315 2246 718 2317 imperatoribus
752 2244 942 2301 vestris
979 2244 1299 2313 existiment,
1323 2246 1442 2315 quis
1477 2246 1701 2313 ignorat,
1739 2265 1924 2317 quum

318 2325 557 2389 sciamus,
583 2322 822 2377 homines
852 2324 911 2375 in
943 2323 1111 2376 tantis
1141 2321 1309 2389 rebus,
1336 2327 1401 2376 ut
1433 2329 1530 2376 aut
1565 2330 1926 2381 contemnant
1975 2357 1976 2378 ι

320 2407 417 2456 aut
439 2405 685 2455 metuant
709 2403 804 2455 aut
829 2399 1040 2454 oderint
1085 2404 1181 2453 aut
1201 2405 1396 2465 ament,
1423 2399 1668 2470 opinione
1685 2419 1797 2454 non
1816 2406 1924 2459 mi.
1975 2395 1976 2448 1

319 2495 421 2531 nus
457 2483 511 2531 et
545 2478 704 2543 fama,
731 2494 893 2547 quam
917 2474 1097 2546 aliqua
1134 2482 1278 2530 certa
1311 2478 1516 2532 ratione
1550 2482 1923 2536 commoveri?
1975 2479 1976 2552 1

321 2554 474 2621 Quod
497 2556 663 2624 igitur
685 2571 878 2608 nomen
894 2571 1165 2624 ,Numquam
1189 2556 1245 2607 in
1269 2554 1392 2608 orbe
1419 2563 1676 2609 terrarum
1710 2556 1926 2614 clarius
1975 2563 1976 2610 i

319 2630 465 2686 fuit?
513 2634 664 2702 cujus
698 2648 779 2685 res
811 2611 980 2701 ‘g‘estoe
1016 2630 1205 2701 pares?
1241 2632 1306 2686 de
1341 2650 1445 2703 quo
1480 2631 1690 2687 homine
1715 2650 1832 2700 voS,
1864 2638 1926 2691 id
1975 2621 1976 2668 3

324 2702 465 2779 quod
501 2703 719 2761 maxime
766 2703 896 2763 facit
933 2709 1320 2777 auctoritatem,
1345 2715 1500 2766 tanta
1534 2715 1590 2765 et
1628 2716 1744 2766 tam
1779 2727 1925 2783 prae·
