2020 3027
316 200 351 246 4
955 198 1225 247 ORATIO

275 333 293 380 1
384 323 430 380 Ι.
482 324 818 395 QUAuQnAu
867 327 1003 380 mihi
1053 345 1258 398 semper
1299 329 1547 398 frequens
1594 334 1913 399 conspectus

315 408 488 458 vester
544 404 726 461 multo
760 404 1197 473 jucundissimus,
1255 405 1344 460 hic
1401 413 1583 460 autem
1652 426 1777 462 ocus
1839 408 1913 462 ad

89 504 201 585 γ’.
315 481 584 624 agendum
607 480 980 550 amplissime,
1005 477 1076 535 ad
1109 482 1395 537 dicendum
1428 482 1626 537 ornatis
1860 476 1912 538 ε’ῒ,
1933 482 1966 499 ‘'

154 528 274 624 ΡΑ
316 559 475 624 visus,
517 551 764 624 Quirites,
804 560 986 612 tamen
1022 559 1123 614 hoc
1158 561 1313 614 aditu
1348 560 1536 628 laudiS,
1573 562 1666 632 qui
1701 580 1913 632 semper

315 637 516 705 optimo
542 636 733 707 cuique
755 636 991 703 maxime
1022 639 1218 707 patuit,
1245 656 1352 692 non
1384 655 1504 692 mea
1533 656 1620 692 me
1643 640 1911 706 voluntas,

316 714 408 769 sed
455 731 584 769 meae
629 713 755 768 vitae
801 713 1033 768 rationes
1081 715 1149 768 ab
1191 717 1412 769 ineunte
1452 721 1609 770 aetate
1650 722 1912 787 susceptat

316 791 716 864 prohibuerunt.
791 790 934 844 Nam
972 809 1141 862 quum
1188 798 1348 846 antea
1388 810 1482 862 per
1523 798 1736 846 aetatem
1776 812 1911 847 non-

316 871 447 923 dum
480 869 642 938 hujus
677 869 1048 923 auctoritatem
1084 870 1187 924 loci
1211 871 1476 938 attingere
1510 871 1775 936 auderem,
1802 878 1912 925 sta-
1975 874 1976 881 ’

316 954 625 1016 tueremque
659 946 798 1000 nihil
834 946 956 1013 huc,
996 948 1102 1000 nisi
1139 948 1435 1015 perfectum
1475 948 1691 1016 ingenio
1733 949 1912 1003 elabo-

316 1032 495 1079 ratum
518 1024 794 1088 industria,
822 1023 995 1076 afferri
1030 1032 1281 1093 oportere,
1310 1042 1463 1078 omne
1494 1043 1672 1078 meum
1696 1031 1911 1096 tempus

269 1113 298 1158 2
319 1104 607 1157 amicorum
648 1101 973 1170 temporibus
1023 1103 1494 1155 transmittendum
1543 1103 1747 1171 putavi.
1821 1104 1913 1158 Ita

318 1198 489 1250 neque
512 1180 602 1234 hic
637 1179 783 1233 locus
808 1195 1007 1232 vacuus
1044 1191 1299 1249 umquam
1322 1179 1429 1231 fuit
1463 1179 1531 1233 ab
1567 1181 1648 1244 iis,
1674 1181 1769 1250 qui
1794 1199 1912 1235 ves-

318 1263 458 1311 tram
506 1275 722 1310 causam
770 1256 1131 1323 defenderent,
1151 1263 1223 1318 oet
1258 1274 1407 1309 meus
1443 1256 1605 1322 labor,
1641 1258 1697 1311 in
1732 1259 1911 1327 priva-

318 1342 495 1388 torum
529 1335 777 1404 periculis
813 1338 956 1386 caste
990 1334 1302 1404 integreque
1337 1340 1590 1399 versatus,
1630 1352 1698 1387 ex
1733 1345 1910 1390 vestro

310 1413 516 1484 judicio
551 1413 789 1465 fructum
825 1416 904 1463 est
939 1411 1329 1481 amplissimum
1364 1416 1693 1466 consecutus.
1765 1412 1911 1466 Nam

317 1508 499 1561 quum,
549 1495 763 1561 propter
810 1487 1124 1543 dilationem
1183 1490 1533 1552 comitiorum,
1584 1496 1666 1543 ter
1710 1498 1910 1559 praetor

316 1570 518 1638 primus
554 1566 807 1621 centuriis
842 1568 1051 1620 cunctis
1085 1567 1423 1620 renuntiatus
1460 1584 1591 1629 sum,
1628 1567 1787 1620 facile
1822 1568 1909 1620 in-

319 1646 519 1708 tellexi,
557 1644 803 1710 Quirites»,
841 1648 897 1697 et
932 1644 1062 1713 quid
1100 1644 1166 1697 de
1200 1662 1285 1697 me
1312 1644 1641 1712 judicaretis,
1677 1649 1733 1697 et
1773 1645 1910 1713 quid

317 1723 436 1777 aliis
473 1721 888 1791 praescriberetis.
961 1721 1014 1774 N
1015 1739 1118 1775 unc
1165 1738 1334 1790 quum
1380 1726 1434 1774 et
1481 1721 1812 1774 auctoritatis
1846 1722 1909 1776 in

315 1817 403 1853 me
440 1805 654 1853 tantum
695 1800 779 1864 sit,
830 1803 1094 1867 quantum
1132 1816 1223 1851 vos
1265 1797 1548 1850 honoribus
1589 1797 1908 1853 mandandis

316 1895 427 1932 esse
450 1877 707 1943 voluistis,
725 1883 780 1930 et
804 1875 873 1929 ad
898 1876 1166 1944 agendum
1190 1876 1465 1929 facultatis
1489 1882 1720 1943 tantum,
1739 1894 1909 1947 quan-

319 1960 437 2008 tum
461 1953 664 2008 homini
687 1953 936 2022 vigilanti
958 1971 1027 2005 ex
1050 1954 1245 2006 forensi
1276 1970 1378 2005 usu
1402 1971 1563 2023 prope
1596 1954 1908 2025 quotidiana
1971 1973 1972 1978 ¹

319 2032 530 2086 dicendi
553 2031 861 2085 exercitatio
885 2030 1064 2100 potuit
1088 2031 1286 2095 afferre,
1306 2039 1447 2085 certe
1470 2038 1540 2100 et,
1566 2035 1611 2085 si
1636 2033 1765 2103 quid
1779 2050 1906 2086 auc-

318 2108 550 2161 toritatis
584 2108 644 2179 in
677 2126 763 2162 me
799 2112 894 2172 est,
919 2124 982 2159 ea
1017 2107 1163 2177 apud
1199 2124 1285 2160 eos
1320 2114 1459 2176 utar,
1485 2109 1580 2179 qui
1618 2126 1735 2163 eam
1771 2108 1907 2163 mihi

317 2186 593 2250 dederunt,
621 2191 676 2239 et
711 2185 757 2238 si
790 2184 920 2254 quid
944 2184 1109 2238 etiam
1145 2185 1367 2239 dicendo
1406 2187 1653 2257 consequi
1676 2203 1904 2256 possum,

316 2263 383 2316 iis
419 2263 692 2317 ostendam
726 2263 1075 2332 potissimum,
1098 2263 1193 2333 qui
1228 2263 1277 2315 ei
1316 2260 1523 2333 quoque
1557 2263 1635 2317 rei
1668 2265 1904 2317 fructum

270 2356 298 2402 3
319 2359 414 2396 suo
441 2342 645 2412 judicio
669 2340 1016 2395 tribuendum
1052 2359 1163 2395 esse
1199 2340 1486 2394 duxerunt.
1555 2340 1733 2412 Atque
1767 2339 1903 2395 illud

318 2415 378 2474 in
413 2419 599 2489 primis
645 2418 783 2472 mihi
817 2417 1110 2473 laetandum
1138 2420 1260 2487 jure
1297 2435 1407 2472 esse
1443 2417 1612 2486 video,
1648 2418 1803 2488 quod,
1840 2418 1902 2471 in

319 2498 421 2552 hac
456 2496 672 2550 insolita
706 2496 841 2550 mihi
877 2513 946 2550 ex
980 2496 1082 2550 hoc
1117 2496 1230 2549 loco
1267 2496 1471 2549 ratione
1494 2495 1719 2560 dicendi,
1746 2511 1902 2550 causa

318 2576 446 2629 talis
483 2573 659 2628 oblata
694 2579 789 2639 est,
815 2575 874 2627 in
915 2591 1021 2644 qua
1058 2574 1224 2627 oratio
1267 2573 1443 2626 deesse
1482 2573 1683 2626 nemini
1723 2573 1896 2640 possit.

320 2653 621 2708 Dicendum
638 2657 723 2706 est
748 2653 893 2705 enim
917 2651 983 2704 de
1018 2651 1109 2705 On.
1134 2649 1373 2720 Pompeii
1407 2650 1664 2718 singulari
1688 2650 1901 2703 eximia-

321 2747 427 2806 que
472 2730 689 2789 virtute.
762 2728 945 2802 Hujus
992 2733 1174 2786 autem
1221 2727 1472 2787 orationis
1520 2727 1569 2782 di
1577 2726 1782 2783 fficilius
1819 2731 1900 2785 ese
