2020 3027
308 60 341 114 G
954 70 1224 124 ORATIO

310 206 601 271 gesserunt,
646 206 884 271 aguntur
921 204 1215 260 certissima
1246 200 1442 296 'populi
1475 199 1704 261 Romani
1735 201 1905 262 vecti·

310 279 454 348 galia
489 285 545 333 et
575 281 827 347 maxima,
852 280 1050 350 quibus
1082 282 1288 336 amissis
1318 288 1373 337 et
1407 283 1554 353 pacis
1590 291 1904 339 ornamenta

114 372 205 411 »252
310 362 365 413 et
397 356 632 411 subsidia
668 357 796 411 belli
827 358 1119 430 requiretis),
1160 368 1398 452 aguntur
1433 360 1572 416 bona
1605 362 1903 416 multorum

126 428 167 449 '⁵
310 435 524 501 civium,
562 433 757 505 quibus
792 441 872 490 est
904 454 939 490 a
969 437 1118 492 vobis
1150 443 1205 492 et
1239 439 1474 529 ipsorum
1507 445 1563 495 et
1594 440 1901 510 reipublicae
1916 490 1933 512 ,

263 518 294 572 7
307 529 468 568 causa
514 512 911 568 consulendum.
998 514 1105 570 ΙΙΙ.
1152 514 1227 572 Et
1250 517 1504 587 quoniam
1551 535 1757 588 semper
1803 536 1900 588 ap-

308 595 548 662 petentes
595 591 774 660 gloriae
821 597 1013 662 praeter
1060 598 1260 648 ceteras
1308 601 1494 663 gentes
1539 601 1703 666 atque
1749 596 1900 650 avidi

304 669 482 724 laudis
512 669 705 735 fuistiS,
731 668 957 723 delenda
991 669 1141 724 vobis
1175 676 1257 725 est
1287 671 1385 726 illa
1414 672 1641 739 macula,
1675 671 1899 728 Mithri-

306 748 482 805 datico
514 746 653 801 bello
687 749 952 815 superiore
980 755 1252 818 concepta,
1275 766 1397 819 quae
1428 750 1644 819 penitus
1670 754 1786 821 jam
1811 752 1897 805 in-

305 826 443 881 sedit
482 830 644 896 atque
690 824 1007 879 inveteravit
1047 826 1110 879 in
1148 827 1334 896 populi
1382 827 1609 881 Romani
1648 829 1894 884 nomine:

305 903 446 973 quod
471 904 533 967 is,
558 902 649 973 qui
677 919 785 956 uno
810 901 914 968 die,
939 908 1056 957 tota
1076 903 1221 969 Asia,
1248 909 1330 958 tot
1353 904 1412 958 in
1435 904 1758 973 civitatibus,
1785 924 1896 961 uno

303 982 497 1035 nuntio
527 986 688 1050 atque
721 997 833 1034 una
866 978 1166 1035 litterarum
1205 981 1590 1051 significatione
1625 984 1766 1038 cives
1793 984 1897 1038 Ro-

303 1075 488 1112 manos
516 1057 777 1111 necandos
811 1058 1261 1129 trucidandosque
1293 1060 1583 1124 denotavit,
1607 1079 1716 1114 non
1736 1062 1896 1117 modo

304 1136 484 1189 adhuc
522 1152 733 1205 poenam
774 1134 983 1194 nullam
1026 1153 1120 1191 suo
1157 1136 1376 1206 dignam
1418 1138 1610 1193 scelere
1646 1141 1894 1209 suscepit,

303 1214 396 1269 sed
421 1213 488 1267 ab
512 1214 604 1266 illo
630 1221 863 1283 tempore
886 1231 1089 1268 annum
1114 1216 1228 1284 ,iam
1253 1214 1474 1268 tertium
1505 1220 1560 1269 et
1583 1216 1895 1272 vicesimum

302 1299 507 1361 regnat,
534 1296 589 1345 et
622 1291 702 1344 ita
734 1297 939 1359 regnat,
964 1299 1030 1344 ut
1066 1309 1120 1345 se
1155 1309 1263 1345 non
1299 1291 1459 1345 Ponti
1493 1309 1664 1364 neque
1688 1291 1895 1364 Cappa-

303 1369 466 1424 dociae
490 1368 703 1424 latebris
739 1369 1004 1423 occultare
1037 1369 1182 1433 velit,
1210 1369 1302 1424 sed
1334 1369 1596 1439 emergere
1627 1389 1695 1426 ex
1720 1374 1892 1442 patrio

300 1465 465 1518 regno
499 1454 660 1519 atque
693 1447 753 1500 in
788 1446 977 1501 vestris
1009 1447 1377 1519 vectigalibus,
1402 1448 1504 1502 hoc
1538 1456 1636 1517 est,
1659 1449 1717 1502 in
1753 1449 1892 1506 Asiae

255 1527 422 1585 81uce
468 1526 676 1581 versari.
770 1524 985 1579 Etenim
1032 1526 1209 1580 adhuc
1256 1526 1337 1580 ita
1395 1528 1558 1581 vestri
1616 1545 1739 1582 cum
1795 1528 1890 1582 illo

302 1623 425 1674 rege
472 1603 859 1658 contenderunt
905 1604 1261 1673 imperatores,
1300 1610 1366 1658 ut
1410 1604 1479 1659 ab
1518 1605 1613 1658 illo
1658 1605 1892 1674 insignia

301 1682 547 1748 victoriae,
594 1698 702 1733 non
749 1681 1030 1735 victoriam
1075 1687 1421 1752 reportarent.
1515 1671 1890 1751 Triumphavit

299 1759 360 1814 L.
389 1757 552 1825 Sulla,
588 1757 940 1827 triumphavit
974 1759 1035 1813 L.
1057 1760 1287 1813 Murena
1318 1759 1385 1812 de
1418 1757 1750 1824 Mithridate,
1783 1760 1888 1814 duo

297 1836 575 1890 fortissimi
611 1836 713 1890 viri
745 1841 800 1889 et
832 1836 1028 1889 summi
1056 1837 1428 1906 imperatores:
1467 1835 1558 1889 sed
1592 1837 1670 1889 ita
1701 1837 1888 1890 trium-

298 1914 551 1985 pharunt,
591 1918 655 1966 ut
693 1913 784 1967 ille
819 1914 1005 1983 pulsus
1042 1907 1422 1984 superatusque
1452 1920 1713 1982 regnaret.
1786 1914 1890 1968 Ve-

296 1999 598 2047 rumtamen
621 1992 727 2046 illis
751 1990 1157 2060 imperatoribus
1179 1991 1297 2045 laus
1321 1998 1402 2046 est
1425 1991 1721 2060 tribuenda,
1747 1993 1887 2062 quod

297 2076 560 2139 egerunt;
607 2069 762 2124 venia
797 2069 989 2134 danda,
1031 2069 1173 2139 quod
1210 2070 1569 2140 reliquerunt:
1614 2077 1888 2141 propterea

297 2148 441 2218 quod
474 2147 544 2202 ab
579 2164 640 2201 eo
674 2146 812 2201 bello
848 2146 1055 2201 Sullam
1089 2147 1150 2201 in
1182 2147 1398 2202 Italiam
1427 2148 1740 2219 respublica,
1763 2147 1888 2203 Mu-

249 2236 283 2287 9
299 2243 482 2280 renam
508 2225 661 2280 Sulla
682 2226 964 2300 revocavit.
1035 2224 1130 2279 IV.
1165 2224 1506 2280 Mithridates
1527 2233 1710 2282 autem
1733 2244 1886 2281 omne
1981 2271 1982 2282 ,

298 2304 567 2374 reliquum
612 2308 823 2372 tempus
868 2320 978 2357 non
1024 2302 1094 2358 ad
1149 2302 1465 2390 oblivionem
1512 2305 1703 2360 veteris
1747 2303 1884 2373 belli,

298 2382 391 2437 sed
437 2381 508 2436 ad
555 2380 1002 2471 comparationem
1046 2381 1172 2435 novi
1218 2365 1479 2435 cdntiilit·
1463 2421 1480 2448 ,
1528 2383 1636 2454 qui,
1683 2387 1885 2452 postea-

298 2476 460 2529 quam
493 2459 753 2513 maximas
788 2459 1097 2513 aedificasset
1140 2466 1476 2530 ornassetque
1516 2461 1706 2514 classes
1741 2476 1884 2514 exer-

299 2539 543 2608 citusque
581 2552 907 2605 permagnos,
943 2535 1365 2608 quibuscumque
1405 2556 1473 2592 ex
1512 2538 1760 2608 gentibus
1795 2554 1884 2607 po-

298 2616 506 2678 tuisset,
531 2619 898 2682 comparasset,
936 2621 992 2669 et
1028 2632 1083 2669 se
1118 2614 1448 2686 Bosporanis,
1484 2609 1725 2670 finitimis
1762 2613 1879 2680 suis,

297 2691 500 2749 bellum
521 2689 716 2745 inferre
739 2689 1030 2762 simularet,
1053 2709 1220 2786 usque
1242 2693 1301 2750 in
1331 2692 1656 2765 Hispaniam
1685 2691 1881 2764 legatos
