2020 3027
243 95 309 144 28
905 91 1172 143 ORATIO

246 220 343 275 ciis
385 220 642 293 singulari
681 222 1000 291 innocentia,
1046 225 1328 313 gravitate,
1366 223 1602 288 vIrtute:
1635 224 1851 281 bellum

245 300 304 352 in
329 300 524 355 Africa
542 302 835 356 maximum
873 287 1399 372 confeffitj‘ffictffrm
1433 305 1729 360 exercitum
1755 305 1852 359 de·

247 378 498 445 portavit.
579 378 719 444 Quid
744 397 866 435 vero
901 386 1017 435 tam
1050 381 1373 449 inauditum,
1405 400 1567 453 quam
1602 383 1850 452 equitem

249 454 547 508 Romanum
571 457 938 526 triumphare?
998 459 1076 513 At
1100 477 1217 514 eam
1240 476 1451 530 quoque
1473 477 1587 514 rem
1609 459 1850 529 populus

247 529 521 617 Romanus
556 551 663 588 non
697 535 852 588 modo
876 536 1030 605 vidit,
1056 536 1148 591 sed
1183 537 1347 592 etiam
1382 538 1526 591 omni
1562 538 1741 591 studio
1766 539 1850 592 vi-

173 609 233 658 62
247 586 464 664 εέἶιῦἆῶ
501 616 555 666 et
595 591 1063 669 concelebrandam
1104 615 1335 684 putavit.
1411 613 1555 680 Quid
1602 621 1716 668 tam
1762 615 1851 668 in-

248 688 526 752 usitatum,
575 706 738 760 quam
775 693 854 756 ut,
905 709 1074 761 quum
1122 691 1229 745 duo
1276 693 1517 746 consules
1563 692 1850 759 clarissimi

245 765 620 838 fortissimique
657 775 846 834 essent,
873 786 1032 838 eques
1055 768 1332 824 Romanus
1361 769 1432 824 ad
1462 768 1663 824 bellum
1694 787 1849 824 max-

246 843 417 897 imum
439 845 1081 916 formidolosissimumque
1114 863 1209 916 pro
1241 847 1456 901 consule
1495 847 1848 902 mitteretur?

248 921 444 975 Missus
469 927 564 979 est.
637 921 753 988 Quo
788 924 1004 994 quidem
1046 929 1294 994 tempore,
1333 942 1503 996 quum
1536 929 1673 980 esset
1710 942 1849 979 non-

247 1014 405 1052 nemo
440 998 500 1051 in
535 1002 738 1066 senatu,
776 998 872 1069 qui
906 999 1121 1068 diceret,
1150 998 1282 1054 Non
1316 1009 1543 1071 oportere
1580 999 1722 1055 mitti
1756 1001 1850 1056 Ιιο-

247 1077 448 1130 minem
468 1075 744 1146 privatum
756 1094 859 1147 pro
882 1077 1080 1132 consule
1099 1094 1119 1132 .·
1154 1077 1219 1132 L.
1236 1078 1519 1149 Philippus
1542 1077 1740 1132 dixisse
1767 1078 1849 1132 di-

249 1154 404 1218 citur,
430 1153 562 1208 Non
587 1171 638 1208 se
672 1154 832 1208 illum
862 1171 960 1208 sua
991 1157 1236 1210 sententia
1255 1172 1357 1226 pro
1390 1155 1609 1221 consule,
1642 1154 1848 1225 sedpro

248 1231 548 1295 consulibus
571 1231 784 1286 mittere.
861 1231 1034 1287 Tanta
1069 1233 1128 1285 in
1162 1250 1223 1287 eo
1255 1231 1563 1302 reipublicae
1592 1233 1724 1286 bene
1755 1249 1849 1301 ge-

247 1309 423 1362 rendae
452 1326 567 1378 spes
602 1307 1040 1374 constituebatur,
1066 1314 1132 1364 ut
1164 1310 1391 1364 duorum
1424 1310 1699 1364 consulum
1730 1326 1849 1379 mu-

248 1404 350 1440 nus
385 1386 544 1439 unius
578 1386 926 1440 adolescentis
962 1387 1155 1441 virtuti
1188 1388 1625 1442 committeretur.
1699 1386 1847 1452 Quid

249 1469 364 1556 terp
396 1461 679 1546 singulare,
714 1481 877 1536 quam
918 1469 983 1520 ut
1019 1483 1088 1520 ex
1123 1465 1593 1532 senatusconsulto,
1634 1464 1847 1534 legibus

249 1532 469 1609 solutus,
509 1540 691 1597 consul
731 1549 859 1596 ante
899 1542 1065 1608 fieret,
1112 1560 1273 1615 quam
1314 1544 1490 1597 ullum
1531 1543 1699 1598 alium
1730 1559 1847 1596 ma-

249 1620 534 1689 gistratum
578 1636 671 1690 per
712 1620 854 1689 leges
897 1637 1084 1690 capere
1125 1620 1402 1675 licuisset?
1438 1620 1570 1691 quid
1610 1626 1723 1673 tam
1763 1620 1847 1672 in-

251 1696 513 1764 credibile,
548 1714 711 1768 quam
750 1701 816 1750 ut
850 1699 1049 1751 iterum
1087 1716 1245 1769 eques
1268 1697 1543 1753 Romanus
1583 1715 1653 1752 ex
1693 1714 1845 1751 sena-

250 1774 577 1828 tusconsulto
608 1771 1004 1845 triumpharet?
1078 1776 1211 1839 Quae
1245 1775 1305 1829 in
1340 1775 1583 1829 omnibus
1618 1772 1845 1829 hornini-

194 1885 219 1920 ς
250 1850 350 1905 bus
384 1867 522 1905 nova
556 1856 676 1919 post
711 1850 989 1904 hominum
1026 1851 1334 1905 memoriam
1367 1851 1659 1905 constituta
1696 1856 1840 1917 sunt,

251 1947 314 1983 ea
349 1936 460 1982 tam
495 1928 668 1981 multa
702 1946 808 1981 non
845 1934 984 1993 sunt,
1014 1946 1175 1999 quam
1200 1929 1326 1996 haec,
1352 1945 1473 1999 quae
1507 1928 1567 1982 in
1600 1928 1700 1981 hoe
1732 1944 1845 1982 uno

177 2013 236 2062 63
253 2005 461 2060 homine
498 2006 745 2060 vidimus.
818 2008 996 2077 Atque
1032 2007 1148 2059 haec
1183 2011 1264 2059 tot
1299 2006 1559 2075 exempla,
1590 2009 1744 2058 tanta
1779 2022 1846 2059 ac

251 2089 364 2138 tam
386 2101 538 2151 nova,
562 2084 798 2152 profecta
821 2090 947 2136 sunt
973 2084 1033 2136 in
1057 2083 1302 2136 eumdem
1325 2083 1593 2136 hominem
1615 2099 1649 2135 a
1675 2080 1845 2147 Q.Ca-

252 2162 357 2215 tuli
390 2165 552 2231 atque
586 2178 621 2214 a
654 2167 948 2216 ceterorum
989 2160 1227 2230 ejusdem
1263 2159 1545 2229 dignitatis
1582 2156 1844 2228 amplissi-

253 2256 460 2295 morum
485 2240 763 2293 hominum
786 2239 1122 2294 auctoritate.
1437 2270 1456 2288 μ

236 2373 256 2395 ,ἱ
286 2319 496 2394 XXII.
567 2318 738 2384 Quare
773 2318 1006 2387 videant,
1048 2336 1117 2372 ne
1151 2318 1224 2372 sit
1258 2303 1598 2388 periniquum
1637 2318 1692 2369 et
1734 2332 1844 2371 non

210 2385 235 2406 '⁸
253 2384 545 2461 ferendum,
572 2394 786 2449 illorum
819 2396 1194 2450 auctoritatem
1229 2394 1296 2447 de
1332 2392 1431 2448 Gn.
1457 2391 1697 2462 Pompeii
1732 2391 1844 2462 dig-

255 2473 427 2527 nitate
449 2491 484 2527 a
504 2471 652 2527 vobis
688 2471 1083 2542 comprobatam
1118 2488 1323 2540 semper
1355 2488 1481 2538 esse,
1505 2475 1742 2524 vestrum
1775 2469 1844 2524 ab

254 2550 362 2603 illis
402 2550 467 2604 de
509 2550 691 2603 eodem
718 2549 944 2630 „bomine
966 2549 1249 2632 ¹*judicium
1291 2548 1581 2618 populique
1613 2545 1845 2601 Romani

256 2628 629 2682 auctoritatem
674 2615 959 2695 improbari
968 2619 993 2690 ‘3
1042 2626 1335 2694 praesertim
1381 2642 1549 2695 quum
1587 2625 1702 2693 jam
1748 2640 1843 2677 suo

251 2703 371 2768 jure
406 2702 632 2772 populus
655 2701 927 2757 Romanus
958 2702 1018 2755 in
1051 2701 1151 2756 hoc
1185 2701 1397 2756 homine
1433 2718 1586 2756 suam
1620 2699 1845 2755 auctori-
