2020 3027
465 99 603 150 PRO
638 98 913 151 ARCHIA
950 97 1201 151 POETA.
1271 100 1421 151 cAP.
1448 102 1494 152 6.
1704 100 1771 154 63

258 228 469 296 Quoeres
491 246 526 284 a
547 228 716 298 nobis,
741 229 907 299 Grati,
933 248 1030 286 cur
1061 234 1213 298 tanto
1246 247 1401 301 opere
1434 226 1534 286 hoc
1565 229 1783 285 homine
1801 235 1860 284 12

185 386 286 440 hoc
322 359 553 440 forensi
560 387 788 455 strepitu
828 386 1097 440 reficiatur
1131 392 1186 440 et
1225 402 1379 440 aures
1412 387 1649 441 convicio
1693 387 1784 441 de-

186 464 334 518 fessae
370 463 753 534 conquiescant.
824 464 911 517 An
947 469 1012 517 tu
1048 458 1335 532 existimaS‚
1368 469 1465 518 aut
1502 469 1781 534 suppetere
1843 496 1850 501 ,

187 541 338 594 nobis
359 557 523 610 posse,
549 540 688 610 quod
713 540 950 610 quotidie
974 541 1228 605 dicamus,
1255 539 1312 595 in
1341 547 1498 596 tanta
1521 543 1780 596 varietate

186 634 377 686 rerum,
417 618 524 671 nisi
563 619 766 671 animos
801 622 1006 672 nostros
1044 617 1282 673 doctrina
1322 619 1640 685 excolamus,
1684 625 1781 673 aut

186 696 323 750 ferte
366 696 568 750 animos
616 699 825 749 tantam
880 712 1029 765 posse
1086 697 1493 762 contentionem,
1543 697 1648 750 nisi
1695 714 1780 750 eos

188 772 429 826 doctrina
459 773 643 827 eadem
674 771 1016 827 relaxemus?
1088 773 1203 843 Ego
1228 791 1349 829 vero
1379 774 1564 842 fateor,
1587 790 1673 829 me
1696 773 1781 827 his
1819 772 1822 775 ’

189 850 380 904 studiis
420 867 529 904 esse
571 850 851 916 deditum3
889 839 1086 904 ceteros
1129 850 1342 922 pudeat,
1385 853 1431 905 si
1472 851 1565 924 qui
1606 852 1685 906 ita
1726 869 1780 905 se

187 927 384 981 litteris
419 926 756 993 abdiderunt,
782 892 851 982 ut,
882 927 1023 996 nihil
1058 928 1264 998 possint
1295 945 1360 983 ex
1389 928 1473 983 his
1506 946 1679 999 neque
1708 928 1779 981 ad

188 1023 521 1062 communem
561 1005 745 1061 afferre
785 1006 1041 1076 fructum,
1075 1024 1247 1078 neque
1288 1009 1346 1061 in
1388 1014 1662 1078 aspectum
1698 1007 1782 1060 lu-

186 1101 404 1155 cemque
437 1084 680 1156 proferre.
733 1083 823 1137 Me
855 1092 1038 1139 autem
1069 1085 1199 1155 quid
1228 1085 1443 1154 pudeat,
1470 1086 1563 1156 qui
1588 1092 1669 1140 tot
1691 1103 1782 1140 an-

174 1175 283 1217 ‘nos
317 1163 398 1215 ita
419 1162 557 1226 vivo,
576 1161 801 1230 judices,
825 1168 889 1215 ut
918 1160 986 1215 ab
1019 1162 1222 1216 nullius
1251 1180 1508 1234 umquam
1541 1181 1627 1217 me
1649 1168 1781 1216 tem-

98 1260 112 1278 ⁸
186 1257 312 1311 pore
326 1243 432 1293 aut
467 1237 741 1292 commodo
779 1244 876 1292 aut
910 1238 1084 1293 otium
1118 1254 1299 1293 meum
1334 1237 1653 1294 abstraxerit
1684 1247 1781 1294 aut

186 1318 435 1387 voluptas
481 1314 728 1369 avocarit*
774 1320 871 1369 aut
920 1316 1148 1388 denique
1196 1333 1409 1370 somnus
1456 1317 1782 1372 retardarit?

189 1396 364 1462 Quare
403 1393 523 1463 quis
569 1392 785 1447 tandem
822 1408 907 1447 me
948 1393 1317 1464 reprehendat,
1351 1401 1449 1449 aut
1489 1397 1608 1465 quis
1647 1395 1783 1449 mihi
1803 1406 1862 1454 13

180 1475 306 1544 jure
328 1474 647 1537 succenseat,
665 1469 724 1535 si,
746 1475 1007 1542 quantum
1035 1472 1222 1527 ceteris
1246 1471 1316 1527 ad
1340 1474 1462 1527 sua's
1485 1491 1566 1528 res
1591 1473 1783 1528 obeun-
1815 1529 1820 1536 ,

187 1553 298 1620 das,
340 1554 603 1622 quantum
645 1548 714 1602 ad
760 1549 922 1603 festos
971 1549 1084 1605 dies
1130 1549 1382 1604 ludorum
1430 1550 1781 1616 celebrandos,

187 1634 451 1701 quantum
493 1627 573 1690 ad,
604 1626 736 1680 alias
778 1625 1097 1696 voluptates,
1136 1632 1192 1680 et
1233 1627 1304 1682 acl
1337 1627 1508 1699 ipsam
1549 1630 1784 1699 requiem

187 1706 354 1761 animi
377 1709 432 1760 et
455 1703 684 1774 corporis
703 1703 1014 1758 conceditur
1030 1710 1328 1775 temporum
1351 1725 1366 1769 3
1404 1711 1667 1775 quantum
1690 1707 1785 1761 alii

188 1784 440 1839 tribuunt
465 1779 798 1854 tempestivis
822 1781 1096 1849 conviviis,
1112 1787 1374 1853 quantum
1398 1783 1625 1853 denique
1648 1784 1786 1840 alve-

188 1857 569 1930 010,quantu11i
591 1859 731 1929 pilae,
757 1864 973 1913 tantum
984 1859 1130 1914 mihi
1145 1866 1352 1928 egomet
1376 1860 1444 1915 ad
1469 1861 1582 1915 haec
1606 1862 1785 1917 studia

187 1937 468 1994 recolenda
514 1935 822 2006 sumpsero?
891 1936 1070 2007 Atque
1111 1937 1211 1991 hoc
1252 1938 1383 1991 adeo
1423 1937 1558 1991 mihi
1599 1957 1784 1994 conce-

190 2016 425 2073 dendum
459 2020 540 2070 est
572 2015 760 2084 magis,
796 2014 937 2085 quod
973 2030 1040 2068 ex
1074 2011 1159 2067 his
1195 2013 1387 2068 studiis
1422 2015 1537 2069 haec
1574 2034 1786 2087 quoque

189 2094 380 2151 crescit
408 2092 576 2147 oratio
607 2096 663 2147 et
694 2091 962 2156 facultas3
997 2107 1116 2162 quae
1145 2098 1573 2163 quantacumque
1608 2094 1666 2146 in
1698 2113 1783 2150 me

189 2177 289 2241 est,
329 2186 625 2239 numquam
661 2168 949 2223 amicorum
997 2167 1249 2238 periculis
1292 2170 1479 2225 defuit.
1553 2169 1691 2230 Quae
1739 2173 1784 2227 si

190 2251 283 2307 cui
328 2249 496 2305 levior
536 2248 768 2313 videtur,
809 2246 905 2300 illa
917 2246 1169 2337 quidem
1217 2254 1372 2315 certe,
1414 2265 1529 2318 quae
1578 2267 1785 2305 summa

143 2374 149 2379 .
190 2332 335 2395 sunt,
363 2343 433 2381 ex
469 2343 575 2397 quo
610 2326 758 2379 fonte
793 2309 1055 2398 hannani,
1082 2326 1267 2379 sentio.
1338 2325 1479 2379 Nam
1512 2326 1617 2379 nisi
1651 2326 1783 2381 mul·
1808 2346 1866 2392 14

190 2414 367 2461 torum
414 2401 693 2475 praeceptis
740 2401 1030 2474 multisque
1077 2402 1271 2456 litteris
1318 2402 1454 2456 mihi
1500 2403 1567 2457 ab
1613 2404 1787 2459 adole-

191 2482 397 2540 scentia
419 2481 711 2548 suasissem,
734 2479 874 2533 nihil
909 2496 1022 2534 esse
1057 2480 1116 2533 in
1140 2480 1255 2533 vita
1276 2496 1471 2549 magno
1506 2497 1660 2551 opere
1695 2500 1786 2536 ex-

189 2560 499 2634 petendum,
510 2558 618 2613 nisi
633 2555 847 2612 laudem
861 2563 1024 2630 atque
1042 2556 1407 2613 honestatem·
1393 2599 1408 2623 ‚
1441 2557 1501 2611 in
1525 2574 1588 2612 ea
1604 2564 1785 2613 autem

189 2637 555 2712 persequenda
590 2651 766 2691 omnes
790 2634 1057 2690 cruciatus
1083 2635 1325 2707 corporis,
1351 2635 1527 2690 omnia
1550 2636 1786 2712 pericula

190 2717 381 2792 mortis
423 2721 598 2789 atque
623 2713 798 2772 exsilii
837 2712 991 2786 parvi
1034 2729 1144 2772 esse
1180 2712 1456 2786 ducenda:
1490 2730 1784 2784 numquam
