2020 3027
180 71 247 122 60
843 75 1113 128 ORATIO

134 206 164 254 5
182 217 286 269 que
333 206 618 270 superaret.
696 202 829 258 Erat
876 204 1042 259 Italia
1090 209 1221 259 tunc
1268 199 1424 272 plena
1472 201 1779 261 Graecarum

180 278 378 331 artium
415 297 478 334 ac
516 281 931 352 disciplinarum,
971 283 1254 353 studiaque
1290 278 1403 337 hae'c
1437 288 1494 338 et
1527 284 1587 337 in
1617 285 1777 338 Latio

180 356 547 411 vehementius
584 363 702 413 tum
743 360 1064 428 colebantur,
1102 377 1264 431 quam
1298 378 1444 415 nunc
1483 361 1673 415 iisdem
1711 362 1778 415 in

182 434 405 503 oppidiS,
429 441 486 489 et
521 435 611 490 hic
635 436 835 506 Romae,
861 445 1073 508 propter
1098 437 1541 507 tranquillitatem
1564 439 1777 509 reipub-

178 509 323 577 licae,
350 530 459 566 non
498 514 922 583 negligebantur.
996 515 1187 584 Itaque
1209 515 1366 577 ,hunc
1402 521 1457 569 et
1498 515 1777 570 Tarentini

181 594 236 643 et
262 589 492 658 Rhegini
517 598 572 645 et
595 591 936 662 Neapolitani
969 580 1510 661 ciffstat'e'cbterisque
1540 593 1777 663 praemiis

181 667 478 722 donarunt:
517 676 572 723 et
595 687 788 735 omnes,
815 670 911 740 qui
945 670 1151 740 aliquid
1167 671 1242 723 *de
1265 671 1494 738 ingeniis
1524 676 1777 741 poterant

110 770 113 779 ·
175 747 432 816 judicare,
461 747 761 815 cognitione
792 753 954 818 atque
983 748 1212 818 hospitio
1246 748 1471 817 dignum
1506 748 1776 803 existima-

182 831 324 879 runt.
374 824 494 878 Hac
518 827 671 879 tanta
695 825 998 880 celebritate
1023 826 1178 879 famae
1205 842 1370 895 quum
1394 832 1529 880 esset
1545 827 1662 896 jam
1685 825 1776 880 ab·

183 901 418 993 sentibus
441 908 614 970 notuS,
631 903 856 957 Romam
869 903 1034 969 venit,
1054 903 1227 957 Mario
1251 903 1465 957 consule
1489 909 1543 956 et
1564 901 1776 959 Catulo,

182 979 235 1033 N
237 971 386 1032 actus
410 985 490 1033 est
513 981 744 1050 primum
777 980 1016 1036 consules
1049 999 1149 1046 eOS,
1177 998 1403 1050 quorum
1432 981 1567 1035 alter
1596 999 1680 1035 res
1703 982 1776 1036 ad

184 1056 520 1110 scribendum
565 1059 844 1127 maximas,
893 1058 1029 1137 alter
1076 1077 1243 1149 qtkum
1263 1075 1371 1145 &res
1418 1064 1611 1127 gestem,
1654 1065 1775 1112 tum

185 1135 346 1187 etiam
384 1135 624 1188 studium
658 1141 820 1205 atque
855 1124 1281 1190 aufeffadhrb'effl
1316 1144 1505 1205 posset.
1577 1135 1775 1189 Statim

188 1210 416 1276 Luculli,
443 1230 611 1281 quum
645 1219 996 1283 praetextatus
1030 1215 1191 1270 etiam
1224 1219 1341 1266 tum
1365 1213 1587 1268 Archias
1619 1220 1771 1279 esset,

187 1306 310 1342 eum
335 1290 549 1343 domum
585 1309 733 1345 suam
767 1297 1094 1362 receperunt.
1168 1291 1209 1344 J
1210 1309 1296 1345 am
1332 1290 1432 1348 hoc
1466 1309 1574 1344 non
1605 1289 1775 1345 solum

187 1367 388 1434 ingenii
434 1385 496 1422 ac
543 1369 858 1434 litterarum,
908 1387 1095 1422 verum
1143 1369 1304 1422 etiam
1363 1373 1565 1424 naturae
1595 1374 1775 1440 ,atque

188 1445 416 1510 virtutiS,
461 1451 525 1498 ut
573 1446 773 1515 domus,
817 1464 936 1518 quae
984 1446 1146 1517 hujus
1195 1445 1562 1501 adolescentiae
1602 1448 1776 1519 prima

144 1531 171 1575 6
190 1523 362 1591 fuerit,
381 1555 388 1562 ·
410 1525 592 1578 eadem
634 1531 768 1579 esset
832 1524 1241 1579 familiarissima
1288 1526 1563 1579 senectuti.
1641 1524 1774 1580 Erat

191 1599 514 1671 temporibus
556 1602 662 1655 illis
696 1603 972 1671 jucundus
1012 1602 1072 1668 Q.
1100 1600 1319 1655 Metello
1367 1600 1446 1655 illi
1488 1602 1773 1657 Numidico

189 1684 244 1733 et
277 1683 388 1749 ejus
425 1679 521 1733 Pio
552 1679 694 1744 filio;
744 1680 1062 1734 audiebatur
1096 1698 1130 1733 a
1159 1678 1237 1733 M.
1257 1680 1514 1745 AEmili03
1563 1680 1774 1735 vivebat

191 1775 313 1812 cum
340 1758 401 1822 Q.
425 1758 626 1825 Catulo,
646 1765 700 1811 et
723 1765 874 1827 patre
890 1765 944 1812 et
961 1760 1072 1811 filio
1091 1779 1105 1823 ;
1140 1776 1174 1811 a
1196 1758 1256 1811 L.
1278 1760 1459 1813 Crasso
1474 1758 1771 1813 colebatur:

192 1834 440 1890 Lucullos
474 1854 596 1889 vero
629 1840 683 1889 et
714 1836 950 1889 Drusum
976 1842 1031 1888 et
1058 1836 1311 1910 Octavios
1340 1842 1396 1888 et
1432 1836 1690 1889 Catonem
1721 1842 1775 1888 et

193 1919 360 1966 totam
384 1914 786 1967 Hortensiorum
823 1913 1042 1966 domum
1067 1914 1375 1967 devinctam
1398 1913 1773 1978 consuetudine

191 2008 358 2060 quum
392 1997 608 2056 teneret,
633 1990 956 2044 afficiebatur
993 2009 1197 2044 summo
1235 1991 1447 2055 honore,
1471 1991 1614 2061 quod
1651 2008 1773 2044 eum

191 2085 299 2121 non
335 2069 502 2121 solum
539 2067 795 2133 colebant,
823 2070 914 2138 qui
949 2070 1153 2137 aliquid
1186 2069 1453 2138 percipere
1488 2076 1650 2137 atque
1681 2085 1773 2122 au-

194 2148 305 2199 dire
338 2146 636 2210 studebant,
662 2163 847 2198 verum
883 2147 1063 2209 etiam,
1090 2148 1133 2199 si
1162 2146 1253 2217 qui
1278 2146 1414 2199 forte
1438 2144 1772 2199 simulabant.

196 2225 289 2279 IV.
326 2223 552 2277 Interim
568 2223 693 2276 satis
718 2223 877 2292 longo
901 2223 1197 2292 intervallo,
1213 2240 1381 2293 quum
1404 2227 1540 2276 esset
1564 2240 1687 2276 cum
1709 2223 1769 2277 L.

193 2302 414 2355 Lucullo
440 2302 494 2353 in
522 2300 758 2373 Siciliam
780 2302 1061 2371 profectus,
1089 2307 1143 2354 et
1167 2317 1334 2371 quum
1366 2317 1433 2353 ex
1469 2318 1532 2354 ea
1566 2299 1772 2369 provin-

193 2379 275 2433 cia
309 2395 433 2433 cum
467 2377 649 2432 eodem
683 2377 905 2432 Lucullo
942 2378 1227 2445 decederet,
1262 2376 1410 2431 venit
1446 2376 1770 2434 Heracleam.

195 2456 325 2523 Quoe
367 2473 532 2526 qu‘im
568 2459 703 2509 esset
737 2456 924 2510 civitas
966 2455 1262 2525 aequissimo
1293 2456 1417 2525 jure
1460 2472 1522 2508 ac
1565 2454 1772 2525 foedere,

195 2534 384 2589 ascribi
415 2551 468 2585 se
500 2533 557 2585 in
587 2549 703 2586 eam
735 2532 1007 2586 civitatem
1031 2532 1231 2586 voluit:
1270 2531 1445 2602 idque,
1472 2549 1640 2601 quum
1662 2532 1772 2602 ipse

194 2630 289 2682 per
313 2629 366 2663 se
391 2610 583 2679 dignus
605 2616 901 2680 putaretur,
926 2617 1043 2682 tum
1068 2610 1382 2676 auctoritate
1406 2617 1461 2663 et
1483 2611 1659 2681 gratia
1673 2606 1773 2664 Lu-

152 2687 180 2733 7
198 2682 325 2740 culli
349 2681 415 2736 ab
440 2681 874 2737 Heracleensibus
904 2677 1224 2752 imp‘etravit.
1303 2681 1445 2737 Data
1477 2687 1554 2737 est
1589 2682 1772 2739 civitas

217 2869 275 2921 ἰ
