2020 3027
267 144 334 196 16
930 92 1209 186 ,ORATIO

267 271 402 326 mari
443 271 591 326 loeus
628 288 724 341 per
760 270 856 323 hos
902 286 1069 324 annos
1110 273 1210 324 aut
1248 271 1364 324 tam
1403 269 1618 335 firmum
1666 269 1875 329 habuit

266 349 589 420 praesidium,
626 353 692 402 ut
727 352 880 402 tutus
916 352 1068 416 esset,
1103 353 1201 401 aut
1235 352 1349 402 tam
1383 348 1492 402 fuit
1526 347 1758 414 abditus,
1794 356 1876 407 ut

266 425 501 482 lateret?
562 425 693 492 Quis
727 426 1020 494 navigavit,
1058 427 1154 496 qui
1187 443 1296 480 non
1331 443 1385 480 se
1421 429 1518 479 aut
1551 426 1737 481 mortis
1760 434 1874 484 aut

267 504 538 560 servitutis
567 503 802 574 periculo
833 504 1203 570 committeret,
1229 522 1398 574 quum
1429 509 1526 558 aut
1549 503 1737 572 hieme,
1762 510 1873 560 aut

267 583 460 636 referto
483 581 792 652 praedonum
814 581 951 636 mari
978 580 1300 651 navigaret?
1359 580 1481 636 Hoc
1514 587 1728 636 tantum
1750 581 1872 636 bel-

268 658 396 726 lum,
433 666 549 714 tam
582 664 755 729 turpe,
793 663 905 713 tam
938 665 1116 724 vetus‚·
1138 666 1252 714 tam
1284 659 1394 713 late
1429 658 1662 713 divisum
1695 665 1872 730 atque
1981 700 1982 727 ᾖ

268 737 578 807 dispersum,
625 737 746 807 quis
791 754 1050 808 umquam
1095 736 1444 792 arbitraretur
1489 741 1596 790 aut*
1632 735 1701 790 ab
1747 754 1871 792 om-

268 815 425 869 nibus
471 813 875 884 imperatoribus
921 832 1032 868 uno
1072 831 1229 882 anno,
1270 819 1369 868 aut
1410 812 1654 868 omnibus
1700 815 1870 870 annis
1981 868 1982 871 ,

190 901 252 952 82
268 892 335 946 ab
367 909 479 947 uno
510 892 825 962 imperatore
850 891 1038 946 confici
1071 908 1222 961 posse
1241 890 1284 961 ‘35
1313 891 1499 957 ›Quam
1533 891 1871 962 provinciam

267 969 515 1023 tenuistis
561 986 596 1023 a
641 967 974 1037 praedonibus
1035 968 1258 1022 liberam
1305 985 1400 1037 per
1444 967 1603 1022 hosce
1648 985 1819 1024 annos
1835 970 1868 1025 Ρ

267 1047 410 1118 quod
433 1046 664 1115 vectigal
689 1045 836 1100 vobis
862 1051 1046 1099 tutum
1069 1047 1179 1099 fuit
1203 1044 1225 1100 2
1261 1063 1421 1117 quem
1458 1047 1658 1100 socium
1682 1046 1872 1101 defen-

269 1123 464 1179 distis?
520 1125 610 1179 eui
645 1122 889 1194 praesidio
926 1123 1181 1178 elassibus
1216 1123 1405 1178 vestris
1440 1123 1660 1179 fuistis?
1694 1142 1873 1195 quam

267 1202 465 1257 multas
498 1201 813 1256 existimatis
847 1201 1049 1255 insulas
1081 1218 1192 1255 esse
1227 1200 1503 1256 desertas?
1539 1219 1701 1272 quam
1722 1203 1873 1257 mul..

269 1286 354 1335 tas
386 1283 484 1334 aut
516 1285 667 1334 metu
701 1278 912 1333 relictas
935 1285 1033 1332 aut
1054 1297 1089 1333 a
1123 1276 1457 1348 praedonibus
1484 1285 1667 1348 captas
1702 1278 1872 1337 urbes

268 1375 380 1413 esse
403 1356 703 1412 sociorum?
754 1355 878 1410 XII.
918 1356 1021 1411 Sed
1045 1356 1177 1427 quid
1199 1373 1297 1426 ego
1320 1356 1613 1427 longinqua
1634 1373 1871 1413 comme-

269 1453 415 1490 moro
437 1434 459 1490 2
519 1434 647 1489 Fuit
669 1434 771 1489 hoe
793 1434 1079 1505 quondam,
1102 1435 1211 1488 fuit
1239 1434 1511 1503 proprium
1542 1434 1727 1525 populi
1749 1433 1873 1489 Ro-

122 1556 133 1564 .
271 1512 429 1580 mani,
455 1513 613 1582 longe
635 1530 671 1567 a
705 1510 857 1567 domo
896 1510 1092 1567 bellare
1128 1517 1183 1565 et
1210 1511 1666 1581 propugnaculis'
1651 1513 1874 1581 1mperii

118 1605 129 1616 ⁴
150 1605 181 1620 ³·
272 1593 529 1647 sociorum
559 1592 818 1657 fortunas,
855 1607 964 1644 non
1005 1607 1103 1645 sua
1143 1595 1288 1644 tecta
1321 1588 1620 1645 defendere.
1692 1589 1875 1646 Sociis

272 1687 370 1740 ego
417 1669 604 1723 vestris
650 1684 796 1721 mare
841 1668 1085 1722 clausum
1133 1683 1226 1736 per
1271 1665 1428 1720 hosce
1474 1683 1638 1720 annos
1685 1665 1876 1724 dicam

272 1748 449 1813 fuisse,
481 1763 649 1816 quum
683 1745 945 1800 exereitus
977 1743 1148 1797 nostri
1179 1760 1215 1797 a
1249 1743 1532 1798 Brundisio
1568 1761 1876 1815 numquam

272 1826 392 1880 nisi
401 1835 608 1878 summa
630 1822 805 1877 hieme
828 1820 1258 1875 transmiserint?
1331 1819 1437 1885 Qui
1466 1822 1537 1875 ad
1560 1838 1653 1875 vos
1676 1821 1744 1876 ab
1768 1841 1877 1877 ex-

273 1903 398 1957 teris
433 1901 741 1956 nationibus
771 1900 1045 1989 venirent
1056 1904 1237 1988 captos
1272 1915 1479 1967 querar,
1504 1916 1669 1967 quum
1693 1899 1877 1969 legati

272 1980 456 2051 populi
490 1978 724 2034 Romani
756 1938 1030 2046 redempti
1033 1963 1206 2030 sint?
1265 1975 1645 2029 Mercatoribus
1677 1981 1878 2035 tutum

272 2075 417 2112 mare
451 2075 558 2111 non
593 2057 757 2110 fuisse
795 2055 983 2123 dicam,
1027 2070 1196 2123 quum
1237 2039 1538 2107 duodecini'
1557 2071 1760 2109 secures
1805 2057 1878 2112 in

192 2152 254 2200 33
272 2135 579 2205 praedonum
624 2138 941 2204 potestatem
998 2130 1418 2201 pervenerint?
1472 2128 1705 2184 Cnidum
1763 2141 1879 2190 aut

273 2212 633 2283 Colophonem
674 2215 772 2264 aut
819 2208 1052 2272 Samum,
1102 2206 1454 2261 nobilissimas
1504 2206 1657 2261 urbes
1702 2206 1881 2264 innu-

270 2290 649 2360 merabilesque
682 2286 812 2342 alias
859 2291 1042 2355 captas
1089 2302 1200 2340 esse
1241 2301 1654 2350 commemorem,
1691 2302 1879 2355 quum

271 2376 471 2424 vestros
505 2372 705 2438 pot-tue,
732 2371 892 2434 atque
925 2380 1012 2417 eos
1035 2367 1233 2433 portus,
1259 2360 1453 2431 quibus
1486 2361 1654 2415 vitam
1676 2369 1733 2416 et
1755 2365 1881 2433 spi-

272 2448 437 2500 ritum
475 2444 685 2508 ducitis,
722 2443 782 2495 in
821 2441 1129 2511 praedonum
1163 2439 1328 2493 fuisse
1371 2443 1689 2512 potestatem
1729 2441 1880 2506 scia-

273 2526 344 2578 tis
366 2522 388 2577 2
456 2525 541 2576 An
564 2538 686 2575 vero
709 2518 978 2588 ignoratis,
1003 2524 1219 2588 portum
1244 2515 1441 2571 Caietae
1464 2515 1882 2575 celeberrimum

274 2607 435 2670 atque
480 2597 849 2669 plenissimum
894 2597 1129 2659 navium,
1173 2595 1504 2664 inspectante
1549 2600 1790 2664 praetore,
1835 2615 1882 2653 a.

273 2675 610 2748 praedonibus
649 2691 759 2727 esse
801 2670 1113 2742 direptum?
1161 2689 1227 2726 ex
1275 2671 1482 2727 Miseno
1529 2679 1711 2726 autem
1747 2675 1881 2743 ejus

271 2755 439 2835 ipsius
473 2752 678 2821 liberos,
701 2751 794 2820 qui
830 2767 954 2806 cum
988 2748 1322 2817 praedonibus
1356 2755 1517 2805 antea
1549 2748 1627 2805 ibi
1661 2749 1881 2807 bellum
