2020 3027
407 109 547 158 PRO
583 66 778 155 LEGE
816 104 1157 156 MANILIA.
1227 105 1379 154 CAP.
1414 107 1487 153 12.
1672 104 1737 158 1'7

139 244 398 308 gesserat,
423 257 457 293 a
491 238 820 309 praedonibus
839 289 845 301 ,,
855 256 965 292 esse
1001 236 1278 292 sublatos?
1325 237 1465 291 Nam
1487 235 1615 306 quid
1638 254 1735 306 ego

141 319 389 372 Ostiense
423 317 813 371 incommodum
835 321 996 386 atque
1032 315 1181 370 illam
1216 315 1389 397 labem
1402 321 1565 386 atque
1587 316 1735 382 igno-

136 395 371 449 miniam
407 395 708 467 reipublieae
757 411 962 465 querar,
1001 412 1189 464 quum,
1226 380 1734 463 pffipe‘i'ffispectan-

137 471 291 526 tibus
337 472 498 539 vobiS,
549 473 728 526 classis
777 489 854 539 ea,
902 473 991 526 eui
1040 470 1223 526 consul
1274 471 1459 541 populi
1507 472 1733 559 Rompsti

136 551 459 619 praepositus
492 554 641 617 esset,
665 567 699 604 a
733 549 1066 619 praedonibus
1102 553 1259 618 capta
1294 554 1456 617 atque
1487 566 1731 618 oppressa

136 626 263 679 est?
313 627 414 681 Pro
439 627 514 681 dii
536 626 887 692 immortales!
915 633 1192 691 tantamne
1216 627 1376 693 unius
1398 627 1626 681 hominis
1649 628 1732 680 in-

136 702 408 783 credibilis
442 722 507 759 ac
541 704 722 758 divina.
746 705 917 759 virtus
953 710 1068 758 tam
1102 703 1249 758 brevi
1284 710 1519 776 tempore
1555 704 1730 759 lucem

134 766 327 834 afferi-'e
371 781 676 851 reipublicae
724 783 917 852 potuit,
967 787 1034 834 ut
1081 798 1187 848 voe,
1236 782 1331 852 qui
1387 783 1542 836 modo
1601 788 1741 868 ante,

134 858 336 911 ostium
371 859 676 912 Tiberinum
711 861 929 914 classem
978 860 1214 914 hostium
1260 859 1537 927 videbatis,
1584 877 1727 914 nunc

130 913 342 1019 nulla}
362 930 519 990 intra.
560 935 756 994 Oceani
797 938 993 991 ostium
1035 938 1346 1007 praedonum
1383 929 1574 994 nav'e'm
1614 956 1724 1014 esse

130 1013 368 1067 audiatis
390 1012 429 1067 2,
504 1013 683 1083 Atque
728 1014 841 1068 haec
901 1031 1006 1086 qua
1066 1014 1334 1068 celeritate
1392 1022 1543 1084 gesta
1598 1016 1721 1083 sint,
1738 1019 1801 1068 34

131 1097 459 1160 quamquam
499 1091 706 1157 videtis,
751 1097 933 1145 tamen
967 1110 1001 1147 a
1038 1109 1123 1145 me
1157 1092 1217 1144 in
1252 1092 1473 1146 dicendo
1507 1100 1721 1162 praeter-

129 1166 310 1220 eunda
342 1185 448 1221 non
485 1173 625 1221 sunt.
701 1167 832 1234 Quis
870 1169 1014 1239 enim
1059 1186 1315 1247 ugnquam
1354 1176 1450 1224 aut
1492 1171 1721 1225 obeundi

127 1244 334 1312 negotii
373 1249 471 1298 aut
511 1246 863 1316 consequendi
909 1224 1141 1317 qffie‘stiis
1161 1300 1175 1311 ,
1189 1247 1366 1301 studio
1413 1253 1526 1301 tam
1571 1247 1719 1304 brevi

128 1325 368 1390 tempore
409 1326 490 1375 tot
535 1322 652 1376 loca.
695 1323 861 1393 adire,
897 1330 1074 1378 tantos
1108 1341 1292 1378 cursus
1334 1325 1586 1379 conficere
1625 1344 1718 1396 po-

128 1397 256 1463 tuit,
280 1415 463 1530 quan}
477 1398 714 1454 celeriter
739 1399 836 1454 Cn.
864 1401 1115 1472 Pompeio
1154 1401 1287 1455 duce
1326 1401 1454 1477 belli·
1484 1403 1716 1473 impetus

127 1475 406 1544 navigavit
438 1527 449 1550 f,
490 1476 583 1545 qui
622 1478 859 1534 nondum
894 1480 1210 1551 tempestivo
1244 1478 1314 1534 ad
1352 1481 1717 1549 navigandum

126 1553 266 1606 mari
314 1552 546 1607 Siciliam
581 1555 729 1620 adiit,
781 1556 1018 1612 Africam
1065 1557 1375 1628 exploravit,
1425 1558 1549 1612 inde
1596 1560 1716 1615 Sar-

127 1628 329 1683 diniam
353 1648 476 1684 cum
511 1631 676 1685 classe
708 1634 874 1700 venit,
899 1640 1062 1705 atque
1096 1636 1211 1691 haec
1247 1634 1348 1689 tria
1370 1637 1714 1695 frumentaria.

126 1705 367 1760 subsidia.
413 1708 719 1777 reipublicae
765 1710 1079 1765 firmissimis
1124 1712 1381 1783 praesidiis
1440 1715 1712 1770 classibus-

126 1800 229 1853 que
258 1783 504 1840 munivit.
579 1786 712 1840 Inde
755 1805 919 1858 quum
961 1807 1016 1842 se
1050 1790 1110 1842 in
1154 1790 1372 1846 Italiam
1417 1795 1707 1863 recepisset,
1722 1780 1786 1857 ἷζε

126 1860 332 1931 duabus
373 1862 648 1932 Hispaniis
694 1865 748 1918 et
807 1865 984 1919 Gallia.
1032 1868 1300 1939 Cisalpina.
1345 1871 1600 1938 praesidiis
1645 1892 1709 1929 ac

125 1937 350 1991 navibus
398 1940 724 2006 confirmata,
773 1940 944 1999 missis
1004 1944 1135 2003 item
1193 1946 1250 1999 in
1307 1963 1450 2000 oram
1505 1947 1709 2018 Illyrici

122 2016 283 2068 maris
330 2021 386 2069 et
418 2015 477 2070 in
513 2017 775 2086 Achaiam
826 2037 1140 2090 omnemque
1176 2023 1432 2078 Graeoiam
1467 2020 1705 2095 navibus,

125 2091 296 2148 Italiae
349 2093 455 2147 duo
500 2094 669 2148 maria
696 2090 960 2151 'maximis
997 2099 1249 2154 classibus
1294 2101 1706 2176 firmissimisque

122 2169 376 2238 praesidiis
411 2171 712 2240 adomayig
728 2172 839 2248 ipse
875 2182 1071 2243 autem,
1105 2179 1171 2231 ut
1204 2197 1239 2233 a.
1272 2179 1551 2235 Brundisio
1579 2199 1704 2253 ‘pro-

121 2246 292 2299 fectus
332 2251 428 2312 est,
465 2237 1044 2321 undequinquffgesimo
1086 2254 1172 2308 die
1208 2261 1378 2311 totam
1424 2251 1494 2311 a'd
1539 2258 1703 2331 impe-

121 2324 263 2376 rium
295 2323 478 2394 populi
511 2324 739 2381 Romani
776 2328 1018 2392 Ciliciam·
1049 2330 1327 2401 adjunxit:
1375 2352 1568 2402 omnes,
1608 2342 1703 2409 qui

121 2399 318 2470 ubique
351 2403 618 2470 praedones
652 2405 887 2473 fuerunt,
922 2410 1119 2477 partim
1153 2412 1298 2481 capti
1330 2412 1701 2486 interfectique

122 2487 262 2543 sunt,
284 2479 480 2547 partim
513 2481 674 2535 unius
708 2483 871 2553 hujus
906 2501 961 2537 se
994 2486 1214 2558 imperio
1249 2506 1314 2542 ae
1336 2492 1588 2558 potestati
1610 2495 1699 2549 de-

122 2554 407 2626 diderunt„
456 2557 612 2613 Idem
653 2558 1006 2632 Cretensibus,
1029 2582 1214 2636 ¹quum
1251 2564 1321 2620 ad
1368 2583 1491 2621 eum
1530 2588 1699 2642 usque

120 2631 181 2685 in
221 2629 595 2704 Pamphyliam
641 2636 845 2709 legatos
903 2629 1362 2715 dep'i'ecfitoresque
1417 2646 1696 2717 misissent,

118 2724 265 2779 spem
310 2709 590 2769 deditionis
635 2732 744 2772 non
787 2717 988 2831 ademit
1036 2718 1340 2793 obsidesque
1397 2717 1694 2797 imperavit.
1789 2737 1812 2744 ‘
