2020 3027
286 188 291 193 .
371 126 509 177 PRO
545 127 738 176 LEGE
775 127 1113 180 MANILIA.
1184 129 1333 180 CAP.
1372 130 1554 191 18,19.
1685 133 1752 184 25

158 275 271 312 orae
295 259 572 314 maritimae
591 277 684 330 per
707 278 761 313 se
783 260 898 329 ipsa
921 260 1264 315 defenderet?
1321 261 1397 315 At
1419 259 1631 316 hercule
1653 259 1752 314 ali-

156 342 297 405 quot
320 354 484 390 annos
508 339 784 392 continuos
811 344 938 392 ante
966 338 1141 408 legem
1165 337 1447 393 Gabiniam
1469 339 1560 393 ille
1582 355 1750 409 popu·

158 412 249 466 lus
299 414 580 480 RomanuS‚
633 417 784 484 cujus
831 433 998 485 usque
1047 416 1117 468 ad
1163 422 1399 470 nostram
1444 417 1750 470 memoriam

155 507 358 544 nomen
397 492 660 546 invictum
697 493 755 544 in
801 492 1082 546 navalibus
1129 493 1327 563 pugnis
1374 498 1748 563 permanserat,

153 585 359 636 magna
394 586 456 622 ac
490 570 660 623 multo
694 570 932 623 maxima
966 575 1119 640 parte
1150 587 1259 624 non
1290 571 1445 624 modo
1477 570 1746 636 utilitatis,

156 647 255 699 sed
281 646 557 715 dignitatis
581 652 743 716 atque
766 648 976 716 imperii
999 616 1211 702 caffiit‘ss
1243 664 1354 713 nos,
1382 665 1609 718 quorum
1638 665 1750 702 ma-
1767 651 1829 699 55

151 725 298 792 jores
330 725 653 777 Antiochum
687 742 866 792 regem
903 725 1066 778 classe
1098 725 1397 796 Persenque
1434 731 1749 795 superarunt

157 801 508 871 omnibusque
555 801 834 856 navalibus
879 803 1076 872 pugnis
1126 803 1611 872 Karthaginienses,
1659 802 1751 857 ho-

154 878 328 932 mines
369 880 427 932 in
463 880 743 932 maritimis
779 879 935 934 rebus
977 881 1438 956 exercitatissimos
1480 880 1750 951 paratissi-

154 973 391 1025 mosque,
429 957 687 1021 vicerunt‚
728 957 769 1011 ii
809 957 957 1010 nullo
999 958 1060 1009 in
1100 958 1215 1011 loco
1256 961 1372 1028 jam
1413 955 1747 1028 praedonibus

155 1050 314 1102 pares
338 1051 448 1087 esse
472 1029 788 1103 poteramus.
862 1035 914 1088 N
915 1051 987 1100 os,
1012 1035 1107 1104 qui
1139 1041 1298 1089 antea
1329 1053 1439 1089 non
1461 1035 1615 1089 modo
1641 1035 1747 1089 Ita-

154 1111 290 1165 liam
326 1112 499 1164 tutam
535 1109 872 1175 habebamuS,
906 1111 998 1164 sed
1036 1129 1214 1166 omnes
1250 1112 1412 1165 socios
1448 1112 1506 1164 in
1540 1111 1747 1166 ultimis

156 1189 264 1242 oris
300 1189 616 1242 auctoritate
649 1190 817 1242 nostri
852 1189 1065 1257 imperii
1102 1189 1272 1243 salvos
1315 1195 1564 1259 praestare
1598 1195 1747 1259 pote-

155 1283 356 1328 ramus,
381 1273 512 1330 tum,
539 1283 707 1336 quum
741 1266 918 1320 insula
951 1266 1127 1333 Delos,
1160 1272 1273 1321 tam
1308 1267 1492 1337 procul
1526 1286 1561 1322 a
1593 1267 1745 1322 nobis

155 1342 219 1395 in
241 1342 411 1411 AEgeo
445 1345 579 1397 mari
615 1344 801 1413 posita,
830 1361 932 1415 quo
968 1361 1148 1398 omnes
1182 1344 1420 1414 undique
1455 1346 1577 1398 cu'm
1611 1363 1744 1399 mer-

157 1419 311 1473 cibus
356 1426 514 1491 atque
561 1421 806 1474 oneribus
853 1420 1234 1489 commeabant,
1282 1422 1495 1476 referta.
1524 1423 1741 1489 divitiis,

159 1515 340 1567 parva,
365 1498 476 1551 sine
500 1517 664 1564 muro,
689 1499 827 1552 nihil
852 1497 1090 1565 timebat,
1116 1499 1280 1554 iidem
1311 1518 1418 1554 non
1448 1500 1604 1556 modo
1627 1520 1745 1571 pro·-

159 1576 351 1629 vinciis
385 1582 545 1645 atque
580 1576 682 1629 oris
720 1576 892 1630 Italiae
926 1577 1208 1630 maritimis
1244 1593 1307 1632 ac
1341 1577 1598 1648 portubus
1630 1596 1745 1633 nos-

159 1653 270 1717 triS,
320 1653 417 1710 sed
452 1653 614 1707 etiam
657 1654 832 1722 Appia
870 1656 981 1722 jam
1024 1653 1113 1708 via
1152 1654 1471 1711 carebamus.
1544 1657 1619 1709 Et
1659 1656 1743 1712 his

158 1716 482 1799 tefflpoiiss‘i'ls
516 1749 623 1783 non
655 1728 889 1801 pudebat
922 1732 1267 1799 magistratus
1301 1732 1487 1802 populi
1518 1734 1744 1789 Romani

83 1816 88 1821 '
158 1808 218 1861 in
260 1808 404 1861 hunc
444 1809 622 1878 ipsum
666 1809 845 1862 locum
891 1809 1182 1875 escendere,
1226 1827 1394 1880 quum
1433 1828 1556 1865 eum
1594 1812 1743 1865 vobis

159 1886 380 1953 majores
427 1886 588 1939 vestri
633 1886 840 1939 exuviis
886 1886 1119 1939 nauticis
1166 1892 1221 1940 et
1268 1888 1514 1941 classium
1562 1889 1742 1959 spoliis

159 1969 408 2017 ornatum
451 1963 801 2032 reliquissent.
876 1962 1025 2018 XIX.
1076 1964 1222 2017 Bono
1276 1970 1332 2018 te
1383 1966 1559 2019 animo
1606 1972 1743 2033 tum,
1760 1980 1822 2028 56

162 2040 229 2102 Q.
255 2029 522 2105 Hortensi,
549 2041 776 2110 populus
812 2039 1088 2093 Romanus
1123 2047 1179 2095 et
1214 2048 1425 2110 ceteros,
1463 2044 1556 2112 qui
1591 2050 1743 2099 erant

160 2116 221 2170 in
253 2118 436 2172 eadem
471 2118 748 2185 sententia,
785 2117 960 2171 dicere
996 2118 1325 2173 existimavit
1360 2138 1437 2188 ea,
1474 2138 1592 2191 quae
1627 2139 1743 2176 sen-

161 2198 374 2253 tiebatis
397 2218 412 2264 3
449 2200 538 2253 sed
563 2205 744 2253 tamen
775 2199 836 2251 in
867 2198 1037 2253 salute
1062 2202 1329 2254 communi
1352 2201 1493 2255 idem
1517 2202 1743 2273 populus

163 2276 434 2331 Romanus
469 2278 636 2331 dolori
671 2294 766 2331 suo
801 2277 1007 2342 maluit,
1035 2294 1196 2348 quam
1225 2280 1534 2334 auctoritati
1558 2287 1743 2336 vestrae

163 2335 532 2423 obtssnisser'are.
608 2354 797 2424 Itaque
830 2370 941 2407 una
973 2353 1079 2419 lex,
1105 2371 1245 2408 unus
1276 2357 1371 2424 vir,
1397 2374 1536 2410 unus
1571 2376 1743 2413 annus

163 2449 270 2486 non
308 2433 463 2487 modo
504 2449 599 2486 nos
633 2432 728 2486 illa
762 2432 973 2486 miseria
1013 2450 1075 2487 ac
1115 2434 1450 2504 turpitudine
1484 2434 1743 2504 liberavit,

164 2509 255 2563 sed
287 2509 448 2562 etiam
483 2508 670 2575 effecit,
696 2514 758 2562 ut
793 2508 1078 2579 aliquando
1100 2526 1222 2563 vere
1243 2510 1542 2565 videremur
1576 2513 1743 2567 omni-

160 2583 261 2640 bus
311 2585 559 2654 gentibus
609 2604 672 2640 ac
728 2584 1030 2640 nationibus
1087 2589 1229 2641 terra
1281 2589 1519 2658 marique
1577 2590 1651 2642 im
1692 2608 1744 2644 e·
1762 2591 1961 2648 “vd-sm

164 2681 294 2717 rare.
367 2663 480 2728 Quo
503 2664 636 2716 mihi
661 2664 822 2717 etiam
846 2664 1119 2734 indignius
1143 2665 1369 2733 videtur,
1390 2647 1565 2721 οὔῆ-,τοδὶ
1647 2665 1824 2734 unffi?

169 2757 274 2798 esse
307 2740 498 2808 adhuc,
536 2740 758 2796 Gabinio
795 2741 983 2808 dicam,
1020 2760 1159 2797 anne
1195 2742 1464 2814 Pompei0‚
1500 2761 1573 2799 an
1607 2745 1743 2799 utri-

1731 2829 1772 2856 f
