2020 3027
301 55 366 109 22
979 52 1249 106 ORATIO

301 182 361 241 in
405 181 622 240 ultimas
667 197 830 254 prope
875 187 1043 240 terras
1090 186 1368 253 venerunt,
1409 181 1564 255 eique
1610 195 1667 238 ue
1717 195 1921 240 omnes

304 259 632 315 Cretensium
667 259 910 314 civitates
945 260 1135 315 dedere
1169 261 1304 315 velle
1340 259 1636 315 dixerunt?
1714 260 1920 326 Quid?

125 336 262 381 ΜΝ
303 336 445 393 idem
485 337 585 412 iste
624 336 969 393 Mithridates
1007 356 1182 393 nonne
1224 339 1293 393 ad
1331 339 1575 392 eumdem
1610 337 1713 392 Cn.
1746 338 1919 393 Pom-

303 415 483 484 peium
500 413 736 483 legatum
755 432 924 486 usque
946 416 1005 470 in
1027 415 1339 486 Hispaniam
1355 415 1503 469 misit
1523 415 1544 469 ’Ξ
1576 432 1717 480 eum,
1739 433 1918 486 quem

302 490 587 561 Pompeius
630 492 867 562 legatum
906 510 1110 563 semper
1140 493 1421 563 judicavit,
1447 492 1504 559 ii,
1526 491 1723 561 quibus
1768 510 1915 546 sem-

302 587 399 640 per
420 574 533 626 erat
555 570 852 638 molestum,
875 572 946 625 ad
982 587 1107 625 eum
1141 570 1477 641 potissimum
1511 586 1620 623 esse
1654 570 1913 638 missum,

304 645 694 717 speculatorem,
756 665 917 718 quam
976 649 1218 716 legatum
1272 646 1505 717 judicari
1567 646 1908 702 maluerunt.

303 725 530 780 Potestis
558 724 726 795 igitur
748 724 862 796 jam
897 727 1232 794 constituere,
1258 724 1505 791 Quirites,
1537 723 1675 778 hane
1711 731 1910 780 aueto-

300 803 532 867 ritatem,
568 802 755 857 multis
801 808 984 873 postea
1028 803 1186 858 rebus
1226 803 1391 872 gestis
1432 801 1744 873 magnisque
1785 819 1908 857 ves-
1961 822 1962 827 ¹

302 881 400 936 tris
425 878 645 950 judiciis
676 879 1069 952 amplificatam,
1094 887 1359 951 quantum
1395 879 1540 948 apud
1572 878 1691 932 illos
1726 897 1906 949 reges,

303 964 569 1029 quantum
615 957 761 1028 apud
807 963 1010 1012 exteras
1056 959 1295 1013 nationes
1335 957 1620 1013 valituram
1650 973 1765 1012 esse
1805 972 1905 1012 ex·

303 1035 570 1091 istimetiS.

223 1124 284 1179 47
375 1113 664 1184 Reliquum
710 1115 804 1178 est,
842 1117 906 1167 ut
941 1112 1026 1168 de
1042 1113 1313 1178 feIicitate,
1350 1129 1511 1183 quam
1543 1117 1794 1184 praestare
1836 1114 1905 1169 de

304 1210 360 1247 se
393 1192 508 1260 ipso
541 1207 694 1246 nemo
729 1196 917 1260 potest,
961 1193 1262 1245 meminisse
1296 1196 1352 1245 et
1388 1207 1791 1246 commemorare
1830 1192 1904 1246 de

303 1268 470 1324 altero
510 1284 799 1338 possumus,
838 1269 977 1323 sicut
1015 1286 1226 1341 aequum
1259 1275 1340 1323 est
1372 1267 1576 1323 homini
1621 1269 1688 1322 de
1728 1272 1904 1337 potee-

304 1351 418 1401 tate
453 1345 686 1409 deorum,
722 1345 909 1400 timide
945 1352 1000 1400 et
1041 1359 1229 1418 pauca
1248 1346 1505 1421 dicamus.
1593 1345 1707 1414 Ego
1754 1345 1901 1397 enim

304 1424 380 1479 sie
413 1423 687 1478 existimo:
735 1421 991 1490 Maximo,
1028 1423 1296 1491 Marcello,
1330 1423 1576 1493 Scipioni,
1608 1421 1803 1488 Mario,
1843 1428 1902 1475 et

303 1500 491 1557 ceteris
523 1500 731 1569 magnis
761 1501 1183 1573 imperatoribus,
1207 1519 1315 1556 non
1350 1501 1521 1556 solum
1552 1505 1769 1572 propter
1790 1500 1899 1555 vir-

303 1584 492 1644 tutem,
523 1579 615 1634 sed
655 1579 818 1635 etiam
859 1586 1076 1651 propter
1112 1581 1397 1646 fortunam,
1438 1579 1628 1650 saepius
1673 1576 1901 1647 imperia

303 1674 439 1788 man
422 1657 556 1742 dexte
576 1661 736 1727 atque
768 1659 1029 1713 exercitus
1054 1675 1164 1713 esse
1200 1657 1513 1713 commissos.
1584 1657 1713 1711 Fuit
1749 1656 1896 1710 enim

303 1752 366 1806 pr
399 1727 535 1789 fecto
559 1733 875 1804 quibusdam
907 1736 1127 1789 summis
1163 1733 1287 1789 viris
1320 1735 1562 1804 quaedam
1598 1735 1668 1789 ad
1704 1734 1896 1804 empli-

303 1812 547 1867 tudinem
578 1819 633 1866 et
660 1813 883 1882 gloriam
918 1822 973 1868 et
1004 1815 1076 1868 ad
1110 1830 1192 1867 res
1222 1829 1443 1882 magnas
1478 1813 1611 1867 bene
1634 1812 1895 1883 gerendas

303 1890 564 1946 divinitus
587 1890 839 1960 adjuncta
868 1892 1118 1946 fortuna·
1105 1933 1118 1947 .
1156 1891 1222 1944 de
1253 1891 1414 1960 hujus
1448 1897 1629 1945 autem
1664 1890 1895 1945 hominis

302 1968 570 2037 felicitate,
597 1986 702 2037 quo
726 1968 792 2022 de
817 1985 960 2021 nune
984 1968 1207 2037 agimu8‚
1231 1968 1334 2022 hae
1374 1974 1498 2023 utar
1535 1968 1894 2023 moderatione

302 2045 529 2113 dicendi,
553 2062 660 2100 non
699 2051 764 2099 ut
800 2044 856 2099 in
894 2044 1041 2098 illiue
1080 2052 1340 2115 potestate
1363 2047 1633 2101 fortunam
1665 2047 1892 2116 positam

303 2140 414 2177 esse
451 2122 639 2191 dicam,
680 2123 771 2177 sed
808 2128 873 2176 ut
910 2124 1178 2193 proeterita
1217 2124 1529 2189 meminisse,
1555 2122 1752 2194 reliqua
1774 2140 1891 2193 spe-

303 2217 417 2256 rare
439 2199 725 2269 videamur,
749 2218 816 2256 ne
841 2209 939 2257 aut
962 2202 1136 2258 invisa
1167 2203 1269 2256 diis
1304 2201 1692 2257 immortalibus
1720 2203 1883 2257 oratio

220 2290 284 2339 48
303 2283 484 2333 nostra
523 2285 620 2332 aut
659 2279 873 2350 ingrata
906 2296 1017 2334 esse
1060 2278 1320 2333 videatur.
1410 2278 1600 2349 Itaque
1640 2295 1741 2331 non
1765 2295 1883 2333 sum

128 2352 250 2408 ‹Lu-
301 2356 696 2427 praedieaturus,
746 2356 991 2422 Quirites,
1037 2362 1262 2425 quantas
1297 2355 1389 2409 ille
1426 2372 1508 2410 res
1557 2356 1701 2409 domi
1746 2357 1882 2409 mili·

303 2433 508 2506 tiaeque,
535 2439 675 2488 terra
714 2434 966 2503 marique,
994 2438 1299 2503 quantaque
1339 2432 1595 2486 felicitate
1636 2434 1878 2502 gesserit·
1862 2472 1879 2500 ,

303 2519 367 2565 ut
392 2513 505 2580 ejus
529 2528 733 2601 semper
756 2510 1118 2564 voluntatibus
1159 2528 1263 2564 non
1301 2510 1457 2563 modo
1499 2510 1638 2563 cives
1664 2526 1879 2565 assense-
1961 2569 1962 2586 ἶ

303 2589 427 2653 rint,
456 2587 581 2642 socii
606 2575 1033 2656 obtemperarint,
1062 2587 1236 2641 hostes
1269 2587 1575 2652 obedierint,
1603 2586 1691 2641 sed
1722 2587 1876 2646 etiam
1961 2597 1962 2604 ’

303 2668 449 2722 renti
475 2669 913 2738 tempestatesque
937 2663 1360 2723 obsecundarint.
1448 2665 1566 2722 Hoo
1589 2663 1875 2728 brevissime
