2020 3027
288 112 356 162 24
941 116 1210 166 ORATIO

283 264 507 314 morum,
554 249 750 312 tamen,
800 246 1002 301 omissis
1062 244 1481 312 auctoritatibus,
1528 244 1646 315 ipsa
1699 260 1763 298 re
1819 248 1884 298 et

281 327 487 379 ratione
519 327 793 394 exquirere
827 343 1104 394 possumus
1128 325 1436 379 veritatem:
1473 328 1635 393 atque
1669 322 1771 376 hoc
1794 322 1885 375 fa·-

218 418 227 427 ·
281 401 452 467 ciliuS,
492 402 632 472 quod
667 420 731 456 ea
766 402 956 468 omnia,
995 420 1113 472 quae
1147 402 1323 456 adhuc
1356 419 1390 455 a
1424 419 1509 455 me
1545 401 1690 454 dicta
1724 406 1881 464 sunt,

280 479 446 533 iidem
469 479 561 533 isti
584 497 709 534 vera
730 498 841 534 esse
865 480 1178 545 concedunt,
1201 485 1257 534 et
1287 479 1638 533 necessarium
1667 475 1881 530 bellum

279 574 391 611 esse
426 563 482 611 et
514 574 772 626 magnum
807 564 862 612 et
893 559 951 611 in
983 575 1091 611 uno
1117 557 1215 612 Cn.
1242 557 1492 626 Pompeio
1526 572 1733 609 summa
1757 571 1879 608 esse

200 644 261 693 52
280 651 311 686 o
366 635 472 689 nia.
548 635 689 699 Quid
723 635 892 703 igitur
926 636 1005 689 ait
1035 633 1393 689 Hortensius?
1466 633 1524 688 Si
1554 633 1651 685 uni
1688 632 1879 685 omnia

304 731 348 765 r1
387 712 561 767 uenda
599 713 721 779 sint,
762 729 935 765 unum
977 712 1348 781 dignissimum
1389 729 1499 766 esse
1532 709 1872 778 Pompeium,

275 790 366 842 sed
390 791 459 843 ad
483 807 653 842 unum
676 794 858 842 tamen
881 791 1077 877 omnia<
1086 789 1277 844 deferri
1300 807 1407 843 non
1432 793 1686 858 oportere.
1763 786 1875 840 Ob-

272 867 465 922 solevit
490 869 605 936 jam
637 867 742 920 ista
778 867 962 931 oratio,
999 861 1057 920 r'e
1057 843 1261 920 <multo
1295 867 1465 935 magis
1501 883 1663 936 quam
1690 863 1874 918 verbis

268 947 519 999 refutata.
593 943 732 997 Nam
767 949 830 997 tu
862 945 1019 1013 idem,
1046 945 1106 1010 Q.
1136 945 1401 1010 Hortensi,
1427 944 1613 1009 multa,
1640 960 1732 1012 pro
1767 947 1874 997 tua.

270 1038 478 1075 summa
509 1022 661 1089 copia
690 1039 753 1074 ac
787 1022 1047 1090 singulari
1074 1022 1333 1076 facultate
1365 1022 1591 1090 dicendi,
1616 1026 1671 1075 et
1698 1020 1758 1073 in
1785 1037 1872 1073 se-

269 1103 404 1152 natu
439 1105 622 1151 eontra
656 1099 833 1151 virum
866 1099 1059 1151 fortem
1093 1099 1158 1153 A.
1185 1099 1470 1153 Gabinium
1512 1097 1742 1168 graviter
1779 1115 1871 1150 or-

268 1180 498 1247 nateque
536 1176 737 1244 dixisti,
780 1194 946 1247 quum
983 1177 1030 1229 is
1072 1178 1138 1230 de
1180 1195 1283 1231 uno
1319 1179 1632 1247 imperatore
1673 1181 1872 1230 contra

265 1254 538 1320 praedones
585 1254 953 1308 constituendo
1009 1254 1183 1324 legem
1230 1255 1629 1324 promulgasset,
1676 1258 1731 1306 et
1790 1271 1870 1308 ex

266 1328 366 1383 hoc
398 1331 512 1399 ipso
535 1330 649 1384 loco
682 1331 946 1400 permulta
974 1332 1106 1385 item
1138 1338 1323 1400 contra
1354 1350 1472 1386 eam
1502 1333 1673 1401 legem
1696 1330 1871 1386 verba

186 1421 250 1469 53
266 1407 455 1460 fecisti.
537 1407 721 1472 Quid?
765 1415 897 1474 tum,
944 1427 1040 1478 per
1088 1410 1209 1463 deos
1256 1410 1601 1477 immortales‚‘
1640 1409 1686 1461 si
1731 1408 1867 1477 plus

264 1484 410 1554 apud
436 1485 694 1555 populum
722 1486 1021 1540 Romanum
1045 1488 1333 1542 auctoritas
1357 1493 1467 1553 tua,
1495 1505 1654 1559 quam
1684 1486 1867 1556 ipsius

262 1564 449 1632 populi
485 1562 718 1617 Romani
757 1562 897 1618 salus
939 1573 994 1618 et
1031 1583 1156 1619 vera
1197 1584 1356 1621 causa
1391 1568 1654 1631 valuisset,
1694 1566 1866 1620 hodie

262 1638 402 1693 hanc
437 1639 658 1709 gloriam
693 1647 867 1711 atque·
889 1643 992 1696 hoc
1028 1644 1167 1697 orbis
1202 1651 1355 1697 terrae
1390 1644 1670 1714 imperium
1705 1648 1867 1699 tene-

260 1717 480 1770 remus?
558 1721 642 1770 An
680 1718 780 1772 tibi
815 1725 934 1772 tum
969 1722 1253 1790 imperium
1289 1739 1398 1775 esse
1428 1721 1528 1775 hoc
1552 1719 1862 1791 videbatur,

261 1810 429 1864 quum
465 1796 649 1865 populi
689 1795 923 1850 Romani
958 1797 1138 1866 legati,
1175 1804 1425 1867 praetores
1461 1805 1717 1928 quaestor
1720 1816 1864 1931 eque

261 1869 645 1940 capiebantur?
682 1890 849 1942 quum
872 1891 940 1927 ex
965 1874 1209 1927 omnibus
1241 1876 1524 1944 provinciis
1548 1857 1717 1929 comm

257 1954 313 2002 et
336 1949 545 2018 privato
569 1956 623 2004 et
646 1950 858 2021 publico
882 1951 1289 2021 prohibebamur
1310 1951 1331 2005 2
1366 1970 1532 2022 quum
1563 1954 1643 2007 ita
1666 1955 1863 2012 clausa.

254 2025 407 2079 nobis
456 2034 606 2081 erant
653 2029 822 2081 maria
869 2029 1061 2093 omnia,
1103 2035 1166 2082 ut
1213 2047 1384 2099 neque
1431 2032 1693 2099 privatam
1733 2051 1858 2089 rem

256 2105 662 2158 transmarinam
699 2122 870 2175 neque
907 2105 1178 2175 publicam
1207 2108 1318 2175 jam
1355 2108 1497 2161 obire
1532 2126 1810 2178 possemus
1836 2114 1860 2168 2

172 2196 239 2243 54
254 2181 461 2237 XVIII.
502 2183 631 2247 Quae
672 2182 859 2236 civitas
907 2188 1067 2236 antea
1107 2201 1365 2254 umquam
1403 2186 1526 2253 fuit,
1568 2204 1677 2240 non
1725 2188 1859 2245 dico

253 2260 676 2324 Atheniensium,
722 2276 841 2328 quae
884 2262 1013 2314 satis
1048 2260 1157 2313 late
1192 2262 1458 2331 quondam
1499 2281 1643 2318 mare
1692 2271 1857 2322 tenu·

250 2336 354 2389 isse
389 2336 599 2400 dicitur,
637 2354 744 2389 non
786 2336 1335 2405 Karthaginiensium,
1381 2340 1474 2408 qui
1517 2343 1863 2411 permultum

251 2413 415 2467 classe
462 2412 847 2482 maritimisque
884 2413 1061 2469 rebus
1108 2415 1404 2480 valuerunt,
1453 2433 1562 2471 non
1609 2419 1866 2479 Rhodio·

249 2500 386 2555 rum,
414 2506 636 2559 quorum
664 2506 833 2558 usque
864 2490 934 2543 ad
963 2495 1198 2545 nostram
1229 2494 1535 2548 memoriam
1559 2495 1865 2568 disciplina.

247 2566 454 2620 navalis
513 2571 568 2619 et
623 2566 793 2634 gloria
845 2568 1130 2622 remansit:
1180 2586 1302 2638 quse
1348 2571 1536 2625 civitas
1583 2592 1865 2647 umquam

248 2648 408 2696 antea
449 2648 561 2695 tam
602 2643 792 2707 tenuiS,
838 2649 949 2696 tam
992 2662 1157 2713 parva
1199 2647 1375 2701 insula
1409 2649 1531 2718 fuit,
1568 2670 1688 2721 quae
1731 2674 1863 2716 non

247 2725 433 2790 portus
457 2735 576 2773 suos
604 2725 660 2773 et
685 2737 837 2788 agros
862 2726 916 2773 et
940 2722 1176 2791 aliquam
1197 2715 1403 2793 partem
1424 2728 1655 2797 regionis
1679 2737 1866 2806 atque
