2020 3027
222 72 288 124 62
875 76 1142 128 ORATIO
1661 145 1669 151 ,
1999 34 2008 79 '

222 218 432 259 omnem
466 201 772 258 tabularum
805 201 967 259 fidem
999 203 1332 274 resignasset,
1356 202 1623 270 Metellus,
1659 201 1817 257 homo
1998 128 2020 289 ζ

221 281 582 336 sanctissimus
628 281 1149 353 modestissimusque
1196 282 1450 350 omnium,
1498 286 1657 335 tanta
1696 279 1819 334 ‹mi-

221 360 406 428 gentia.
426 360 551 428 fuit,
573 364 639 413 ut
662 360 732 413 ad
755 358 819 414 L.
838 360 1129 415 Lentulum
1153 367 1430 430 proetorem
1447 363 1503 413 et
1526 358 1818 428 adjudices

221 437 428 491 venerit
451 445 507 491 et
524 437 686 490 unius
708 437 938 492 nominis
961 436 1129 491 litura
1146 454 1202 491 se
1219 441 1544 492 commotum
1565 451 1678 490 esse
1701 434 1819 488 dix-

221 515 340 569 erit.
425 513 531 569 His
553 514 723 583 igitur
745 513 940 570 tabulis
971 515 1180 571 nullam
1202 514 1424 569 lituram
1440 515 1500 568 in
1516 513 1731 568 nomine
1747 512 1815 568 A.

142 600 203 646 10
220 591 413 647 Licinii
450 592 658 646 videtis.
732 592 861 658 Quae
901 606 1070 663 quum
1104 593 1184 646 its,
1207 592 1331 660 sint,
1365 591 1499 662 quid
1542 595 1637 656 est,
1677 589 1817 661 quod

219 670 286 724 de
309 671 424 739 ejus
457 668 677 724 civitate
713 668 985 735 dubitetis,
1010 670 1306 740 praesertim
1339 683 1510 739 quum
1543 667 1665 722 aliis
1689 682 1818 738 quo·

220 765 323 818 que
357 748 415 801 in
456 746 763 802 civitatibus
803 746 968 804 fuerit
1008 746 1317 818 ascriptus?
1388 745 1608 801 Etenim
1647 761 1819 816 quum

144 882 166 911 Ψ
202 823 566 901 mediocribus
582 821 769 879 multis
788 828 843 878 et
866 829 963 878 aut
986 824 1152 892 nulls,
1172 830 1271 878 snt
1287 822 1480 879 humili
1498 824 1681 894 aliqua
1703 828 1819 877 arte

174 891 185 907 ‘
219 892 455 973 praeditis
477 902 713 971 gratuito
745 901 1022 956 civitatem
1044 902 1103 955 in
1129 900 1334 957 Graecia
1363 901 1605 955 homines
1628 901 1819 971 imper-

219 971 505 1047 tiebantur,
531 977 800 1049 Rheginos
835 979 989 1034 credo
1027 986 1123 1033 aut
1157 980 1444 1033 Locrenses
1478 983 1577 1032 sut
1610 978 1817 1049 Neapo-

219 1056 413 1112 litanos
436 1062 534 1111 aut
556 1056 884 1124 Tarentinos,
911 1058 1055 1128 quod
1080 1056 1296 1112 scenicis
1319 1054 1611 1111 artificibus
1633 1055 1819 1126 largiri

222 1135 476 1201 solebant,
503 1135 560 1188 id
595 1135 740 1200 huic,
777 1146 986 1188 summa
1019 1134 1226 1203 ingenii
1260 1134 1485 1204 praedito
1520 1133 1701 1202 gloria,
1723 1148 1818 1187 no·

219 1211 381 1268 luisse
404 1217 417 1269 !
480 1212 622 1279 Quid
642 1212 664 1267 ‘3
705 1229 875 1283 quum
897 1212 1075 1280 ceteri,
1092 1228 1201 1268 non
1224 1210 1379 1266 modo
1403 1217 1523 1280 post
1546 1210 1819 1269 civitatem

220 1292 418 1358 datam,
443 1290 534 1344 sed
557 1290 720 1344 etiam
751 1294 873 1360 post
904 1288 1080 1359 legem
1102 1287 1340 1379 P⁸Pi⁸3¹¹s
1367 1289 1546 1359 aliquo
1577 1289 1734 1342 modo
1758 1291 1819 1343 in

221 1383 404 1423 eorum
437 1368 856 1438 municipiorum
891 1366 1102 1423 tabulas
1137 1364 1459 1436 irr'e'psefint‚
1493 1365 1597 1433 hic,
1622 1366 1716 1437 qui
1750 1383 1818 1421 ne

221 1446 397 1500 utitur
420 1445 635 1519 quidem
667 1444 794 1509 illis,
818 1445 877 1498 in
908 1442 1105 1516 quibus
1136 1449 1217 1499 est
1248 1443 1490 1515 scriptuS,
1514 1444 1654 1515 quod
1687 1459 1817 1497 sem·

147 1539 314 1596 uper
360 1542 416 1579 se
463 1524 865 1578 Heracleensem
906 1539 1017 1577 esse
1059 1524 1245 1590 voluit,
1296 1521 1609 1592 rejicietur‘i
1681 1520 1818 1577 Cen·

221 1620 309 1657 sus
356 1607 561 1656 nostros
606 1600 827 1671 mquiris
874 1600 1096 1654 scilicet.
1181 1599 1279 1654 Est
1327 1601 1472 1654 enim
1519 1600 1818 1668 obscurum,

227 1680 482 1749 proximis
506 1677 806 1733 censoribus
820 1644 984 1731 ‘fiune
1017 1693 1140 1732 cum
1173 1677 1462 1732 clarissimo
1486 1678 1817 1747 imperatore,

225 1758 283 1813 L.
309 1756 553 1823 Lucullo,
579 1756 724 1827 apud
750 1756 1048 1810 exercitum
1064 1755 1261 1810 fuisse:
1300 1755 1670 1825 superioribus,
1695 1771 1819 1810 cum

224 1836 407 1890 eodem
425 1840 683 1905 quaestore
701 1833 863 1887 fuisse
881 1832 940 1886 in
958 1831 1120 1888 Asiaz
1156 1831 1356 1902 primiS,
1373 1833 1410 1886 J
1413 1833 1523 1887 ulio
1541 1838 1597 1887 et
1615 1831 1818 1900 Crasso,

224 1913 430 1967 nullam
475 1911 660 1982 populi
701 1914 907 1979 partem
948 1926 1059 1964 esse
1108 1924 1333 1964 censam.
1407 1909 1528 1975 Sed,
1570 1909 1821 1981 quoniam

225 2006 413 2044 census
436 2005 544 2044 non
561 1991 654 2065 jus
677 1985 913 2042 civitatis
934 1986 1231 2050 confirmat,
1255 2003 1318 2040 ac
1342 1988 1711 2042 tantummodo
1738 1988 1820 2041 in·

226 2069 384 2132 dicat,
411 2083 549 2133 eum,
575 2065 669 2137 qui
693 2066 764 2119 sit
787 2081 990 2129 census,
1017 2065 1099 2119 ita
1121 2067 1310 2134 sejam
1332 2070 1452 2118 tum
1475 2066 1693 2134 gessisse
1723 2081 1819 2138 pro
2012 2065 2017 2098 ⁴

225 2148 355 2215 cive,
379 2146 447 2200 iis
468 2145 808 2216 temporibus,
834 2161 953 2215 quae
989 2150 1052 2198 tu
1083 2144 1377 2199 criminaris
1412 2160 1481 2199 ne
1515 2143 1683 2216 ipsius
1706 2147 1822 2217 qui-

225 2225 347 2279 dem
363 2223 569 2294 judicio
591 2223 795 2277 eumin
818 2222 1020 2280 civium
1044 2221 1403 2276 Romanorum
1428 2224 1547 2292 jure
1572 2239 1682 2278 esse
1705 2240 1821 2279 ver-

158 2305 422 2380 (ysatum,
443 2308 499 2356 et
534 2305 912 2362 testamentum
946 2315 1085 2368 saepe
1120 2299 1251 2353 fecit
1285 2301 1479 2354 nostris
1514 2298 1738 2382 legibus,
1755 2308 1821 2356 ,et

226 2380 361 2434 adiit
396 2378 713 2433 hereditates
748 2378 943 2432 civium
968 2376 1341 2442 Romanorum,
1369 2381 1424 2431 et
1460 2377 1518 2431 in
1554 2368 1821 2433 beneficiis

226 2457 295 2510 ad
332 2456 578 2510 serarium
613 2454 821 2508 delatus
848 2458 930 2508 est
960 2468 995 2508 a.
1019 2452 1078 2510 L.
1105 2453 1329 2509 Lucullo
1361 2459 1581 2525 praetore
1613 2460 1669 2509 et
1701 2466 1821 2510 con-
2011 2449 2014 2554 ἦ

226 2534 357 2589 sule.
447 2533 544 2589 VI.
581 2519 770 2599 Quaere
817 2537 1145 2602 arguments,
1192 2533 1239 2587 si
1285 2549 1404 2605 quse
1448 2538 1596 2604 potes
1618 2550 1635 2599 3
1670 2547 1823 2587 num-

227 2628 403 2682 quam,
423 2611 568 2679 enim
602 2607 691 2667 hic
724 2625 899 2684 neque
933 2625 1046 2682 sue,
1083 2628 1254 2687 neque
1289 2613 1581 2671 amicorum
1613 2612 1822 2685 judicio

227 2685 543 2759 revincetur·
