<?xml version="1.0" encoding="UTF-8"?>
<!DOCTYPE html PUBLIC "-//W3C//DTD XHTML 1.0 Transitional//EN"
    "http://www.w3.org/TR/xhtml1/DTD/xhtml1-transitional.dtd">
<html xmlns="http://www.w3.org/1999/xhtml" xml:lang="en" lang="en">
 <head>
  <title>
</title>
<meta http-equiv="Content-Type" content="text/html;charset=utf-8" />
  <meta name='ocr-system' content='tesseract 3.04.00' />
  <meta name='ocr-capabilities' content='ocr_page ocr_carea ocr_par ocr_line ocrx_word'/>
</head>
<body>
  <div class='ocr_page' id='page_1' title='image "./prolegemanilias00cicegoog_0070.png"; bbox 0 0 2020 3027; ppageno 0'>
   <div class='ocr_carea' id='block_1_1' title="bbox 240 106 1160 166">
    <p class='ocr_par' dir='ltr' id='par_1_1' title="bbox 240 106 1160 166">
     <span class='ocr_line' id='line_1_1' title="bbox 240 106 1160 166; baseline -0.002 0"><span class='ocrx_word' id='word_1_1' title='bbox 240 108 303 166; x_wconf 81' lang='lat'><strong>58</strong></span> <span class='ocrx_word' id='word_1_2' title='bbox 889 106 1160 165; x_wconf 71' lang='lat' dir='ltr'><strong>ORATIO</strong></span> 
     </span>
    </p>
   </div>
   <div class='ocr_carea' id='block_1_2' title="bbox 243 243 2020 1171">
    <p class='ocr_par' dir='ltr' id='par_1_2' title="bbox 243 243 2020 1171">
     <span class='ocr_line' id='line_1_2' title="bbox 243 243 2020 306; baseline 0.001 -12"><span class='ocrx_word' id='word_1_3' title='bbox 243 247 376 294; x_wconf 86' lang='lat' dir='ltr'><strong>serat</strong></span> <span class='ocrx_word' id='word_1_4' title='bbox 395 244 528 294; x_wconf 91' lang='lat' dir='ltr'><strong>bello</strong></span> <span class='ocrx_word' id='word_1_5' title='bbox 548 244 727 306; x_wconf 81' lang='lat' dir='ltr'><strong>sociali,</strong></span> <span class='ocrx_word' id='word_1_6' title='bbox 743 260 834 296; x_wconf 88' lang='lat' dir='ltr'><strong>nec</strong></span> <span class='ocrx_word' id='word_1_7' title='bbox 855 247 985 296; x_wconf 87' lang='lat' dir='ltr'><strong>bona</strong></span> <span class='ocrx_word' id='word_1_8' title='bbox 1005 263 1096 297; x_wconf 86' lang='lat' dir='ltr'><strong>sua</strong></span> <span class='ocrx_word' id='word_1_9' title='bbox 1115 247 1171 295; x_wconf 88' lang='lat' dir='ltr'><strong>in</strong></span> <span class='ocrx_word' id='word_1_10' title='bbox 1191 260 1388 296; x_wconf 88' lang='lat' dir='ltr'><strong>censum</strong></span> <span class='ocrx_word' id='word_1_11' title='bbox 1410 243 1687 296; x_wconf 70' lang='lat' dir='ltr'><strong>detuleratz</strong></span> <span class='ocrx_word' id='word_1_12' title='bbox 1720 258 1831 296; x_wconf 86' lang='lat' dir='ltr'><strong>reus</strong></span> <span class='ocrx_word' id='word_1_13' title='bbox 2010 252 2020 284; x_wconf 60' lang='grc' dir='ltr'>ἱ</span> 
     </span>
     <span class='ocr_line' id='line_1_3' title="bbox 243 312 2020 378; baseline 0.001 -18"><span class='ocrx_word' id='word_1_14' title='bbox 243 312 406 361; x_wconf 81' lang='lat' dir='ltr'><strong>factus</strong></span> <span class='ocrx_word' id='word_1_15' title='bbox 436 315 510 360; x_wconf 78' lang='lat' dir='ltr'><strong>est</strong></span> <span class='ocrx_word' id='word_1_16' title='bbox 529 312 638 376; x_wconf 88' lang='lat' dir='ltr'><strong>lege</strong></span> <span class='ocrx_word' id='word_1_17' title='bbox 661 313 828 376; x_wconf 87' lang='lat' dir='ltr'><strong>Papia,</strong></span> <span class='ocrx_word' id='word_1_18' title='bbox 853 330 964 378; x_wconf 82' lang='lat' dir='ltr'><strong>quae</strong></span> <span class='ocrx_word' id='word_1_19' title='bbox 985 314 1091 362; x_wconf 85' lang='lat' dir='ltr'><strong>lata</strong></span> <span class='ocrx_word' id='word_1_20' title='bbox 1121 314 1288 363; x_wconf 89' lang='lat' dir='ltr'><strong>fuerat</strong></span> <span class='ocrx_word' id='word_1_21' title='bbox 1320 314 1384 362; x_wconf 89' lang='lat' dir='ltr'><strong>ad</strong></span> <span class='ocrx_word' id='word_1_22' title='bbox 1415 328 1496 362; x_wconf 87' lang='lat' dir='ltr'><strong>eos</strong></span> <span class='ocrx_word' id='word_1_23' title='bbox 1529 314 1831 371; x_wconf 89' lang='lat' dir='ltr'><strong>coercendos,</strong></span> <span class='ocrx_word' id='word_1_24' title='bbox 2019 338 2020 341; x_wconf 38' lang='lat'>¹</span> 
     </span>
     <span class='ocr_line' id='line_1_4' title="bbox 245 379 1833 443; baseline 0.001 -17"><span class='ocrx_word' id='word_1_25' title='bbox 245 379 333 442; x_wconf 92' lang='lat' dir='ltr'><strong>qui</strong></span> <span class='ocrx_word' id='word_1_26' title='bbox 363 381 548 427; x_wconf 84' lang='lat' dir='ltr'><strong>temere</strong></span> <span class='ocrx_word' id='word_1_27' title='bbox 583 381 636 428; x_wconf 88' lang='lat' dir='ltr'><strong>et</strong></span> <span class='ocrx_word' id='word_1_28' title='bbox 674 380 848 428; x_wconf 73' lang='lat' dir='ltr'><strong>illicite</strong></span> <span class='ocrx_word' id='word_1_29' title='bbox 887 381 1142 429; x_wconf 85' lang='lat' dir='ltr'><strong>civitatem</strong></span> <span class='ocrx_word' id='word_1_30' title='bbox 1182 381 1457 430; x_wconf 79' lang='lat' dir='ltr'><strong>Romanam</strong></span> <span class='ocrx_word' id='word_1_31' title='bbox 1499 381 1833 443; x_wconf 72' lang='lat' dir='ltr'><strong>usurpassent.</strong></span> 
     </span>
     <span class='ocr_line' id='line_1_5' title="bbox 246 344 2020 563; baseline 0.001 -71"><span class='ocrx_word' id='word_1_32' title='bbox 246 445 332 492; x_wconf 80' lang='lat' dir='ltr'><strong>Fit</strong></span> <span class='ocrx_word' id='word_1_33' title='bbox 365 461 486 509; x_wconf 87' lang='lat' dir='ltr'><strong>ergo</strong></span> <span class='ocrx_word' id='word_1_34' title='bbox 519 445 661 509; x_wconf 86' lang='lat' dir='ltr'><strong>quasi</strong></span> <span class='ocrx_word' id='word_1_35' title='bbox 690 446 1051 511; x_wconf 74' lang='lat' dir='ltr'><strong>conjecturalis,</strong></span> <span class='ocrx_word' id='word_1_36' title='bbox 1074 462 1141 495; x_wconf 89' lang='lat' dir='ltr'><strong>an</strong></span> <span class='ocrx_word' id='word_1_37' title='bbox 1173 447 1415 509; x_wconf 83' lang='lat' dir='ltr'><strong>ascriptus</strong></span> <span class='ocrx_word' id='word_1_38' title='bbox 1446 445 1512 495; x_wconf 85' lang='lat' dir='ltr'><strong>sit</strong></span> <span class='ocrx_word' id='word_1_39' title='bbox 1533 446 1587 494; x_wconf 91' lang='lat' dir='ltr'><strong>in</strong></span> <span class='ocrx_word' id='word_1_40' title='bbox 1611 446 1834 496; x_wconf 87' lang='lat' dir='ltr'><strong>ordinem</strong></span> <span class='ocrx_word' id='word_1_41' title='bbox 2011 344 2020 563; x_wconf 34' lang='grc'>1</span> 
     </span>
     <span class='ocr_line' id='line_1_6' title="bbox 245 511 1833 577; baseline 0.001 -18"><span class='ocrx_word' id='word_1_42' title='bbox 245 511 660 572; x_wconf 85' lang='lat' dir='ltr'><strong>Heracleensium,</strong></span> <span class='ocrx_word' id='word_1_43' title='bbox 676 515 727 561; x_wconf 89' lang='lat' dir='ltr'><strong>et</strong></span> <span class='ocrx_word' id='word_1_44' title='bbox 747 528 813 561; x_wconf 88' lang='lat' dir='ltr'><strong>an</strong></span> <span class='ocrx_word' id='word_1_45' title='bbox 834 513 1005 562; x_wconf 87' lang='lat' dir='ltr'><strong>fecerit</strong></span> <span class='ocrx_word' id='word_1_46' title='bbox 1022 513 1200 572; x_wconf 88' lang='lat' dir='ltr'><strong>omnia,</strong></span> <span class='ocrx_word' id='word_1_47' title='bbox 1214 529 1325 577; x_wconf 83' lang='lat' dir='ltr'><strong>quae</strong></span> <span class='ocrx_word' id='word_1_48' title='bbox 1345 513 1389 562; x_wconf 87' lang='lat' dir='ltr'><strong>is</strong></span> <span class='ocrx_word' id='word_1_49' title='bbox 1409 513 1570 561; x_wconf 77' lang='lat' dir='ltr'><strong>facere</strong></span> <span class='ocrx_word' id='word_1_50' title='bbox 1592 513 1833 571; x_wconf 83' lang='lat' dir='ltr'><strong>debuerit,</strong></span> 
     </span>
     <span class='ocr_line' id='line_1_7' title="bbox 245 577 1835 643; baseline 0.001 -18"><span class='ocrx_word' id='word_1_51' title='bbox 245 577 330 641; x_wconf 90' lang='lat' dir='ltr'><strong>qui</strong></span> <span class='ocrx_word' id='word_1_52' title='bbox 369 580 495 627; x_wconf 87' lang='lat' dir='ltr'><strong>esset</strong></span> <span class='ocrx_word' id='word_1_53' title='bbox 532 594 559 628; x_wconf 94' lang='lat' dir='ltr'><strong>e</strong></span> <span class='ocrx_word' id='word_1_54' title='bbox 590 594 795 628; x_wconf 88' lang='lat' dir='ltr'><strong>numero</strong></span> <span class='ocrx_word' id='word_1_55' title='bbox 829 579 1203 629; x_wconf 84' lang='lat' dir='ltr'><strong>foederatorum.</strong></span> <span class='ocrx_word' id='word_1_56' title='bbox 1270 580 1341 628; x_wconf 86' lang='lat' dir='ltr'><strong>Et</strong></span> <span class='ocrx_word' id='word_1_57' title='bbox 1376 577 1607 628; x_wconf 86' lang='lat' dir='ltr'><strong>deficitur</strong></span> <span class='ocrx_word' id='word_1_58' title='bbox 1639 579 1835 643; x_wconf 89' lang='lat' dir='ltr'><strong>quidem</strong></span> 
     </span>
     <span class='ocr_line' id='line_1_8' title="bbox 245 644 1837 707; baseline 0 -15"><span class='ocrx_word' id='word_1_59' title='bbox 245 644 418 693; x_wconf 90' lang='lat' dir='ltr'><strong>multis</strong></span> <span class='ocrx_word' id='word_1_60' title='bbox 438 645 834 707; x_wconf 83' lang='lat' dir='ltr'><strong>probationibus3</strong></span> <span class='ocrx_word' id='word_1_61' title='bbox 867 646 1151 695; x_wconf 86' lang='lat' dir='ltr'><strong>testimonio</strong></span> <span class='ocrx_word' id='word_1_62' title='bbox 1173 648 1341 694; x_wconf 86' lang='lat' dir='ltr'><strong>tamen</strong></span> <span class='ocrx_word' id='word_1_63' title='bbox 1361 644 1761 694; x_wconf 86' lang='lat' dir='ltr'><strong>Heracleensium</strong></span> <span class='ocrx_word' id='word_1_64' title='bbox 1783 645 1837 692; x_wconf 92' lang='lat' dir='ltr'><strong>et</strong></span> 
     </span>
     <span class='ocr_line' id='line_1_9' title="bbox 245 709 1837 775; baseline 0.001 -18"><span class='ocrx_word' id='word_1_65' title='bbox 245 710 325 758; x_wconf 89' lang='lat' dir='ltr'><strong>vel</strong></span> <span class='ocrx_word' id='word_1_66' title='bbox 350 711 576 770; x_wconf 83' lang='lat' dir='ltr'><strong>maxime,</strong></span> <span class='ocrx_word' id='word_1_67' title='bbox 600 712 780 775; x_wconf 88' lang='lat' dir='ltr'><strong>quibus</strong></span> <span class='ocrx_word' id='word_1_68' title='bbox 811 714 923 762; x_wconf 81' lang='lat' dir='ltr'><strong>tota</strong></span> <span class='ocrx_word' id='word_1_69' title='bbox 953 713 1225 775; x_wconf 86' lang='lat' dir='ltr'><strong>occupatur</strong></span> <span class='ocrx_word' id='word_1_70' title='bbox 1252 711 1424 768; x_wconf 87' lang='lat' dir='ltr'><strong>oratio,</strong></span> <span class='ocrx_word' id='word_1_71' title='bbox 1449 711 1654 774; x_wconf 75' lang='lat' dir='ltr'><strong>poeticae</strong></span> <span class='ocrx_word' id='word_1_72' title='bbox 1686 709 1837 760; x_wconf 83' lang='lat' dir='ltr'><strong>sacul-</strong></span> 
     </span>
     <span class='ocr_line' id='line_1_10' title="bbox 246 776 1837 844; baseline 0.001 -20"><span class='ocrx_word' id='word_1_73' title='bbox 246 776 370 825; x_wconf 82' lang='lat' dir='ltr'><strong>tatis</strong></span> <span class='ocrx_word' id='word_1_74' title='bbox 391 779 444 825; x_wconf 85' lang='lat' dir='ltr'><strong>et</strong></span> <span class='ocrx_word' id='word_1_75' title='bbox 466 777 703 826; x_wconf 82' lang='lat' dir='ltr'><strong>doctrinae</strong></span> <span class='ocrx_word' id='word_1_76' title='bbox 718 778 1089 842; x_wconf 81' lang='lat' dir='ltr'><strong>jucundissimae</strong></span> <span class='ocrx_word' id='word_1_77' title='bbox 1117 778 1285 844; x_wconf 87' lang='lat' dir='ltr'><strong>gratia</strong></span> <span class='ocrx_word' id='word_1_78' title='bbox 1305 778 1503 826; x_wconf 85' lang='lat' dir='ltr'><strong>nititur.</strong></span> <span class='ocrx_word' id='word_1_79' title='bbox 1554 778 1647 826; x_wconf 87' lang='lat' dir='ltr'><strong>Est</strong></span> <span class='ocrx_word' id='word_1_80' title='bbox 1669 777 1837 834; x_wconf 84' lang='lat' dir='ltr'><strong>etiam,</strong></span> 
     </span>
     <span class='ocr_line' id='line_1_11' title="bbox 246 842 1839 908; baseline 0 -17"><span class='ocrx_word' id='word_1_81' title='bbox 246 842 422 895; x_wconf 79' lang='lat' dir='ltr'><strong>omissa</strong></span> <span class='ocrx_word' id='word_1_82' title='bbox 443 843 740 906; x_wconf 86' lang='lat' dir='ltr'><strong>conjectura,</strong></span> <span class='ocrx_word' id='word_1_83' title='bbox 763 845 1057 907; x_wconf 72' lang='lat' dir='ltr'><strong>disceptatio</strong></span> <span class='ocrx_word' id='word_1_84' title='bbox 1087 860 1179 908; x_wconf 89' lang='lat' dir='ltr'><strong>per</strong></span> <span class='ocrx_word' id='word_1_85' title='bbox 1210 845 1368 907; x_wconf 86' lang='lat' dir='ltr'><strong>ipsam</strong></span> <span class='ocrx_word' id='word_1_86' title='bbox 1400 843 1695 907; x_wconf 74' lang='lat' dir='ltr'><strong>qualitatem</strong></span> <span class='ocrx_word' id='word_1_87' title='bbox 1727 857 1839 906; x_wconf 88' lang='lat' dir='ltr'><strong>per-</strong></span> 
     </span>
     <span class='ocr_line' id='line_1_12' title="bbox 245 908 2014 975; baseline 0 -17"><span class='ocrx_word' id='word_1_88' title='bbox 245 924 390 968; x_wconf 68' lang='lat' dir='ltr'><strong>sonae,</strong></span> <span class='ocrx_word' id='word_1_89' title='bbox 413 912 472 958; x_wconf 72' lang='lat' dir='ltr'><strong>ut</strong></span> <span class='ocrx_word' id='word_1_90' title='bbox 504 909 623 958; x_wconf 87' lang='lat' dir='ltr'><strong>civis</strong></span> <span class='ocrx_word' id='word_1_91' title='bbox 644 910 896 959; x_wconf 89' lang='lat' dir='ltr'><strong>Romanus</strong></span> <span class='ocrx_word' id='word_1_92' title='bbox 929 911 1110 961; x_wconf 88' lang='lat' dir='ltr'><strong>debeat</strong></span> <span class='ocrx_word' id='word_1_93' title='bbox 1142 909 1383 975; x_wconf 87' lang='lat' dir='ltr'><strong>adoptari,</strong></span> <span class='ocrx_word' id='word_1_94' title='bbox 1406 909 1602 959; x_wconf 87' lang='lat' dir='ltr'><strong>etiamsi</strong></span> <span class='ocrx_word' id='word_1_95' title='bbox 1632 908 1689 958; x_wconf 91' lang='lat' dir='ltr'><strong>in</strong></span> <span class='ocrx_word' id='word_1_96' title='bbox 1716 924 1839 973; x_wconf 82' lang='lat' dir='ltr'><strong>prae·</strong></span> <span class='ocrx_word' id='word_1_97' title='bbox 2010 909 2014 917; x_wconf 77' lang='grc'><em>“</em></span> 
     </span>
     <span class='ocr_line' id='line_1_13' title="bbox 246 924 2020 1171; baseline 0.003 -146"><span class='ocrx_word' id='word_1_98' title='bbox 246 976 459 1025; x_wconf 90' lang='lat' dir='ltr'><strong>teritum</strong></span> <span class='ocrx_word' id='word_1_99' title='bbox 481 991 583 1025; x_wconf 90' lang='lat' dir='ltr'><strong>non</strong></span> <span class='ocrx_word' id='word_1_100' title='bbox 605 976 671 1025; x_wconf 87' lang='lat' dir='ltr'><strong>sit</strong></span> <span class='ocrx_word' id='word_1_101' title='bbox 694 977 976 1028; x_wconf 75' lang='lat' dir='ltr'><strong>associatus.</strong></span> <span class='ocrx_word' id='word_1_102' title='bbox 2010 924 2020 1171; x_wconf 48' lang='grc' dir='ltr'>ἱ</span> 
     </span>
    </p>
   </div>
   <div class='ocr_carea' id='block_1_3' title="bbox 190 1130 1851 2796">
    <p class='ocr_par' dir='ltr' id='par_1_3' title="bbox 201 1130 1851 2401">
     <span class='ocr_line' id='line_1_14' title="bbox 201 1130 1842 1236; baseline -0.001 -19"><span class='ocrx_word' id='word_1_103' title='bbox 201 1169 225 1217; x_wconf 92' lang='lat'><strong>1</strong></span> <span class='ocrx_word' id='word_1_104' title='bbox 317 1164 360 1220; x_wconf 91' lang='lat' dir='ltr'><strong>I.</strong></span> <span class='ocrx_word' id='word_1_105' title='bbox 397 1163 460 1221; x_wconf 86' lang='lat' dir='ltr'><strong>S1</strong></span> <span class='ocrx_word' id='word_1_106' title='bbox 493 1162 624 1236; x_wconf 90' lang='lat' dir='ltr'><strong>quid</strong></span> <span class='ocrx_word' id='word_1_107' title='bbox 656 1168 736 1218; x_wconf 86' lang='lat' dir='ltr'><strong>est</strong></span> <span class='ocrx_word' id='word_1_108' title='bbox 771 1164 831 1218; x_wconf 91' lang='lat' dir='ltr'><strong>in</strong></span> <span class='ocrx_word' id='word_1_109' title='bbox 865 1182 951 1219; x_wconf 90' lang='lat' dir='ltr'><strong>me</strong></span> <span class='ocrx_word' id='word_1_110' title='bbox 985 1163 1207 1235; x_wconf 86' lang='lat' dir='ltr'><strong>ingenii,</strong></span> <span class='ocrx_word' id='word_1_111' title='bbox 1235 1130 1458 1235; x_wconf 56' lang='lat' dir='ltr'><strong>jtidiees,</strong></span> <span class='ocrx_word' id='word_1_112' title='bbox 1494 1161 1635 1234; x_wconf 90' lang='lat' dir='ltr'><strong>quod</strong></span> <span class='ocrx_word' id='word_1_113' title='bbox 1671 1160 1842 1216; x_wconf 85' lang='lat' dir='ltr'><strong>sentio</strong></span> 
     </span>
     <span class='ocr_line' id='line_1_15' title="bbox 245 1240 1841 1315; baseline -0.002 -19"><span class='ocrx_word' id='word_1_114' title='bbox 245 1260 407 1314; x_wconf 88' lang='lat' dir='ltr'><strong>quam</strong></span> <span class='ocrx_word' id='word_1_115' title='bbox 448 1242 520 1296; x_wconf 89' lang='lat' dir='ltr'><strong>sit</strong></span> <span class='ocrx_word' id='word_1_116' title='bbox 566 1242 840 1312; x_wconf 82' lang='lat' dir='ltr'><strong>exiguum,</strong></span> <span class='ocrx_word' id='word_1_117' title='bbox 885 1249 982 1296; x_wconf 83' lang='lat' dir='ltr'><strong>aut</strong></span> <span class='ocrx_word' id='word_1_118' title='bbox 1027 1245 1071 1296; x_wconf 87' lang='lat' dir='ltr'><strong>si</strong></span> <span class='ocrx_word' id='word_1_119' title='bbox 1114 1260 1220 1315; x_wconf 83' lang='lat' dir='ltr'><strong>qua</strong></span> <span class='ocrx_word' id='word_1_120' title='bbox 1261 1241 1569 1297; x_wconf 82' lang='lat' dir='ltr'><strong>exercitatio</strong></span> <span class='ocrx_word' id='word_1_121' title='bbox 1611 1240 1841 1307; x_wconf 89' lang='lat' dir='ltr'><strong>dicendi,</strong></span> 
     </span>
     <span class='ocr_line' id='line_1_16' title="bbox 245 1320 1842 1391; baseline -0.002 -18"><span class='ocrx_word' id='word_1_122' title='bbox 245 1321 302 1374; x_wconf 88' lang='lat' dir='ltr'><strong>in</strong></span> <span class='ocrx_word' id='word_1_123' title='bbox 327 1338 434 1391; x_wconf 83' lang='lat' dir='ltr'><strong>qua</strong></span> <span class='ocrx_word' id='word_1_124' title='bbox 455 1338 540 1375; x_wconf 90' lang='lat' dir='ltr'><strong>me</strong></span> <span class='ocrx_word' id='word_1_125' title='bbox 562 1338 670 1374; x_wconf 91' lang='lat' dir='ltr'><strong>non</strong></span> <span class='ocrx_word' id='word_1_126' title='bbox 701 1321 901 1376; x_wconf 88' lang='lat' dir='ltr'><strong>infitior</strong></span> <span class='ocrx_word' id='word_1_127' title='bbox 932 1320 1268 1381; x_wconf 85' lang='lat' dir='ltr'><strong>mediocriter</strong></span> <span class='ocrx_word' id='word_1_128' title='bbox 1300 1337 1410 1373; x_wconf 88' lang='lat' dir='ltr'><strong>esse</strong></span> <span class='ocrx_word' id='word_1_129' title='bbox 1434 1324 1717 1382; x_wconf 81' lang='lat' dir='ltr'><strong>versatum,</strong></span> <span class='ocrx_word' id='word_1_130' title='bbox 1743 1324 1842 1372; x_wconf 85' lang='lat' dir='ltr'><strong>aut</strong></span> 
     </span>
     <span class='ocr_line' id='line_1_17' title="bbox 247 1395 1842 1467; baseline -0.001 -18"><span class='ocrx_word' id='word_1_131' title='bbox 247 1399 291 1450; x_wconf 89' lang='lat' dir='ltr'><strong>si</strong></span> <span class='ocrx_word' id='word_1_132' title='bbox 315 1398 538 1467; x_wconf 88' lang='lat' dir='ltr'><strong>hujusce</strong></span> <span class='ocrx_word' id='word_1_133' title='bbox 561 1398 638 1451; x_wconf 91' lang='lat' dir='ltr'><strong>rei</strong></span> <span class='ocrx_word' id='word_1_134' title='bbox 669 1398 805 1451; x_wconf 84' lang='lat' dir='ltr'><strong>ratio</strong></span> <span class='ocrx_word' id='word_1_135' title='bbox 833 1398 1031 1467; x_wconf 80' lang='lat' dir='ltr'><strong>aliqua,</strong></span> <span class='ocrx_word' id='word_1_136' title='bbox 1058 1396 1126 1450; x_wconf 88' lang='lat' dir='ltr'><strong>ab</strong></span> <span class='ocrx_word' id='word_1_137' title='bbox 1152 1397 1475 1466; x_wconf 84' lang='lat' dir='ltr'><strong>optimarum</strong></span> <span class='ocrx_word' id='word_1_138' title='bbox 1506 1395 1707 1449; x_wconf 80' lang='lat' dir='ltr'><strong>artium</strong></span> <span class='ocrx_word' id='word_1_139' title='bbox 1728 1400 1842 1449; x_wconf 89' lang='lat' dir='ltr'><strong>stu-</strong></span> 
     </span>
     <span class='ocr_line' id='line_1_18' title="bbox 245 1471 1844 1545; baseline -0.003 -16"><span class='ocrx_word' id='word_1_140' title='bbox 245 1474 346 1529; x_wconf 86' lang='lat' dir='ltr'><strong>diis</strong></span> <span class='ocrx_word' id='word_1_141' title='bbox 371 1493 434 1530; x_wconf 85' lang='lat' dir='ltr'><strong>ac</strong></span> <span class='ocrx_word' id='word_1_142' title='bbox 456 1473 740 1545; x_wconf 84' lang='lat' dir='ltr'><strong>disciplina</strong></span> <span class='ocrx_word' id='word_1_143' title='bbox 761 1475 1014 1544; x_wconf 81' lang='lat' dir='ltr'><strong>profecta,</strong></span> <span class='ocrx_word' id='word_1_144' title='bbox 1040 1492 1074 1529; x_wconf 83' lang='lat' dir='ltr'><strong>a</strong></span> <span class='ocrx_word' id='word_1_145' title='bbox 1098 1491 1202 1545; x_wconf 84' lang='lat' dir='ltr'><strong>qua</strong></span> <span class='ocrx_word' id='word_1_146' title='bbox 1232 1490 1329 1542; x_wconf 84' lang='lat' dir='ltr'><strong>ego</strong></span> <span class='ocrx_word' id='word_1_147' title='bbox 1352 1472 1567 1527; x_wconf 91' lang='lat' dir='ltr'><strong>nullum</strong></span> <span class='ocrx_word' id='word_1_148' title='bbox 1590 1471 1844 1526; x_wconf 87' lang='lat' dir='ltr'><strong>confiteor</strong></span> 
     </span>
     <span class='ocr_line' id='line_1_19' title="bbox 244 1550 1846 1622; baseline -0.002 -15"><span class='ocrx_word' id='word_1_149' title='bbox 244 1553 418 1608; x_wconf 76' lang='lat' dir='ltr'><strong>aetatis</strong></span> <span class='ocrx_word' id='word_1_150' title='bbox 441 1570 573 1608; x_wconf 79' lang='lat' dir='ltr'><strong>mese</strong></span> <span class='ocrx_word' id='word_1_151' title='bbox 589 1558 801 1622; x_wconf 88' lang='lat' dir='ltr'><strong>tempus</strong></span> <span class='ocrx_word' id='word_1_152' title='bbox 825 1552 1173 1621; x_wconf 82' lang='lat' dir='ltr'><strong>abhorruisse,</strong></span> <span class='ocrx_word' id='word_1_153' title='bbox 1193 1569 1377 1606; x_wconf 87' lang='lat' dir='ltr'><strong>earum</strong></span> <span class='ocrx_word' id='word_1_154' title='bbox 1400 1568 1578 1605; x_wconf 89' lang='lat' dir='ltr'><strong>rerum</strong></span> <span class='ocrx_word' id='word_1_155' title='bbox 1601 1550 1846 1604; x_wconf 90' lang='lat' dir='ltr'><strong>omnium</strong></span> 
     </span>
     <span class='ocr_line' id='line_1_20' title="bbox 244 1629 1845 1702; baseline -0.003 -17"><span class='ocrx_word' id='word_1_156' title='bbox 244 1632 331 1685; x_wconf 83' lang='lat' dir='ltr'><strong>vel</strong></span> <span class='ocrx_word' id='word_1_157' title='bbox 364 1632 423 1686; x_wconf 91' lang='lat' dir='ltr'><strong>in</strong></span> <span class='ocrx_word' id='word_1_158' title='bbox 455 1630 640 1702; x_wconf 87' lang='lat' dir='ltr'><strong>primis</strong></span> <span class='ocrx_word' id='word_1_159' title='bbox 671 1630 762 1685; x_wconf 90' lang='lat' dir='ltr'><strong>hic</strong></span> <span class='ocrx_word' id='word_1_160' title='bbox 783 1630 850 1688; x_wconf 83' lang='lat' dir='ltr'><strong>A.</strong></span> <span class='ocrx_word' id='word_1_161' title='bbox 870 1629 1117 1687; x_wconf 86' lang='lat' dir='ltr'><strong>Licinius</strong></span> <span class='ocrx_word' id='word_1_162' title='bbox 1150 1631 1391 1685; x_wconf 81' lang='lat' dir='ltr'><strong>fructum</strong></span> <span class='ocrx_word' id='word_1_163' title='bbox 1424 1647 1459 1684; x_wconf 80' lang='lat' dir='ltr'><strong>a</strong></span> <span class='ocrx_word' id='word_1_164' title='bbox 1489 1647 1574 1682; x_wconf 90' lang='lat' dir='ltr'><strong>me</strong></span> <span class='ocrx_word' id='word_1_165' title='bbox 1606 1633 1845 1698; x_wconf 80' lang='lat' dir='ltr'><strong>repetere</strong></span> 
     </span>
     <span class='ocr_line' id='line_1_21' title="bbox 245 1705 1846 1779; baseline -0.003 -16"><span class='ocrx_word' id='word_1_166' title='bbox 245 1726 407 1779; x_wconf 86' lang='lat' dir='ltr'><strong>prope</strong></span> <span class='ocrx_word' id='word_1_167' title='bbox 443 1724 538 1763; x_wconf 85' lang='lat' dir='ltr'><strong>suo</strong></span> <span class='ocrx_word' id='word_1_168' title='bbox 564 1709 689 1778; x_wconf 85' lang='lat' dir='ltr'><strong>jure</strong></span> <span class='ocrx_word' id='word_1_169' title='bbox 712 1707 884 1763; x_wconf 86' lang='lat' dir='ltr'><strong>debet.</strong></span> <span class='ocrx_word' id='word_1_170' title='bbox 956 1708 1099 1764; x_wconf 84' lang='lat' dir='ltr'><strong>Nam</strong></span> <span class='ocrx_word' id='word_1_171' title='bbox 1133 1708 1308 1779; x_wconf 83' lang='lat' dir='ltr'><strong>quoad</strong></span> <span class='ocrx_word' id='word_1_172' title='bbox 1343 1705 1647 1776; x_wconf 84' lang='lat' dir='ltr'><strong>longissime</strong></span> <span class='ocrx_word' id='word_1_173' title='bbox 1669 1709 1846 1775; x_wconf 82' lang='lat' dir='ltr'><strong>potest</strong></span> 
     </span>
     <span class='ocr_line' id='line_1_22' title="bbox 244 1782 1845 1857; baseline -0.002 -17"><span class='ocrx_word' id='word_1_174' title='bbox 244 1804 392 1840; x_wconf 89' lang='lat' dir='ltr'><strong>mens</strong></span> <span class='ocrx_word' id='word_1_175' title='bbox 440 1802 560 1840; x_wconf 86' lang='lat' dir='ltr'><strong>mea</strong></span> <span class='ocrx_word' id='word_1_176' title='bbox 606 1786 863 1856; x_wconf 87' lang='lat' dir='ltr'><strong>respicere</strong></span> <span class='ocrx_word' id='word_1_177' title='bbox 910 1788 1147 1857; x_wconf 83' lang='lat' dir='ltr'><strong>spatium</strong></span> <span class='ocrx_word' id='word_1_178' title='bbox 1194 1786 1451 1857; x_wconf 66' lang='lat' dir='ltr'><strong>praeteriti</strong></span> <span class='ocrx_word' id='word_1_179' title='bbox 1496 1782 1748 1854; x_wconf 86' lang='lat' dir='ltr'><strong>temporis</strong></span> <span class='ocrx_word' id='word_1_180' title='bbox 1791 1784 1845 1837; x_wconf 90' lang='lat' dir='ltr'><strong>et</strong></span> 
     </span>
     <span class='ocr_line' id='line_1_23' title="bbox 247 1862 1845 1937; baseline -0.003 -19"><span class='ocrx_word' id='word_1_181' title='bbox 247 1864 490 1937; x_wconf 75' lang='lat' dir='ltr'><strong>pueritiae</strong></span> <span class='ocrx_word' id='word_1_182' title='bbox 530 1865 840 1919; x_wconf 83' lang='lat' dir='ltr'><strong>memoriam</strong></span> <span class='ocrx_word' id='word_1_183' title='bbox 886 1865 1151 1921; x_wconf 83' lang='lat' dir='ltr'><strong>recordari</strong></span> <span class='ocrx_word' id='word_1_184' title='bbox 1192 1864 1455 1932; x_wconf 84' lang='lat' dir='ltr'><strong>ultimam,</strong></span> <span class='ocrx_word' id='word_1_185' title='bbox 1497 1862 1624 1916; x_wconf 91' lang='lat' dir='ltr'><strong>inde</strong></span> <span class='ocrx_word' id='word_1_186' title='bbox 1672 1877 1845 1931; x_wconf 86' lang='lat' dir='ltr'><strong>usque</strong></span> 
     </span>
     <span class='ocr_line' id='line_1_24' title="bbox 243 1939 1850 2014; baseline -0.004 -18"><span class='ocrx_word' id='word_1_187' title='bbox 243 1948 485 2012; x_wconf 85' lang='lat' dir='ltr'><strong>repetens</strong></span> <span class='ocrx_word' id='word_1_188' title='bbox 524 1941 668 2000; x_wconf 88' lang='lat' dir='ltr'><strong>hunc</strong></span> <span class='ocrx_word' id='word_1_189' title='bbox 709 1941 864 1996; x_wconf 84' lang='lat' dir='ltr'><strong>video</strong></span> <span class='ocrx_word' id='word_1_190' title='bbox 906 1943 1042 1997; x_wconf 90' lang='lat' dir='ltr'><strong>mihi</strong></span> <span class='ocrx_word' id='word_1_191' title='bbox 1085 1942 1379 2014; x_wconf 88' lang='lat' dir='ltr'><strong>principem</strong></span> <span class='ocrx_word' id='word_1_192' title='bbox 1417 1948 1473 1994; x_wconf 91' lang='lat' dir='ltr'><strong>et</strong></span> <span class='ocrx_word' id='word_1_193' title='bbox 1515 1939 1585 1993; x_wconf 83' lang='lat' dir='ltr'><strong>ad</strong></span> <span class='ocrx_word' id='word_1_194' title='bbox 1622 1939 1850 2008; x_wconf 86' lang='lat' dir='ltr'><strong>suscipi-</strong></span> 
     </span>
     <span class='ocr_line' id='line_1_25' title="bbox 245 2015 1847 2090; baseline -0.004 -16"><span class='ocrx_word' id='word_1_195' title='bbox 245 2020 437 2075; x_wconf 83' lang='lat' dir='ltr'><strong>endam</strong></span> <span class='ocrx_word' id='word_1_196' title='bbox 473 2024 527 2074; x_wconf 83' lang='lat' dir='ltr'><strong>et</strong></span> <span class='ocrx_word' id='word_1_197' title='bbox 563 2020 634 2073; x_wconf 84' lang='lat' dir='ltr'><strong>ad</strong></span> <span class='ocrx_word' id='word_1_198' title='bbox 669 2020 1072 2090; x_wconf 81' lang='lat' dir='ltr'><strong>ingrediendam</strong></span> <span class='ocrx_word' id='word_1_199' title='bbox 1105 2019 1366 2074; x_wconf 82' lang='lat' dir='ltr'><strong>rationem</strong></span> <span class='ocrx_word' id='word_1_200' title='bbox 1406 2019 1599 2072; x_wconf 85' lang='lat' dir='ltr'><strong>horum</strong></span> <span class='ocrx_word' id='word_1_201' title='bbox 1640 2015 1847 2070; x_wconf 84' lang='lat' dir='ltr'><strong>studio·</strong></span> 
     </span>
     <span class='ocr_line' id='line_1_26' title="bbox 243 2096 1849 2165; baseline -0.003 -13"><span class='ocrx_word' id='word_1_202' title='bbox 243 2115 365 2152; x_wconf 89' lang='lat' dir='ltr'><strong>rum</strong></span> <span class='ocrx_word' id='word_1_203' title='bbox 388 2098 669 2152; x_wconf 84' lang='lat' dir='ltr'><strong>exstitisse.</strong></span> <span class='ocrx_word' id='word_1_204' title='bbox 745 2097 898 2162; x_wconf 84' lang='lat' dir='ltr'><strong>Quod</strong></span> <span class='ocrx_word' id='word_1_205' title='bbox 922 2098 968 2152; x_wconf 88' lang='lat' dir='ltr'><strong>si</strong></span> <span class='ocrx_word' id='word_1_206' title='bbox 1002 2097 1118 2151; x_wconf 82' lang='lat' dir='ltr'><strong>haec</strong></span> <span class='ocrx_word' id='word_1_207' title='bbox 1141 2114 1261 2163; x_wconf 81' lang='lat' dir='ltr'><strong>vox,</strong></span> <span class='ocrx_word' id='word_1_208' title='bbox 1285 2096 1447 2165; x_wconf 87' lang='lat' dir='ltr'><strong>hujus</strong></span> <span class='ocrx_word' id='word_1_209' title='bbox 1471 2096 1691 2149; x_wconf 78' lang='lat' dir='ltr'><strong>hortatu</strong></span> <span class='ocrx_word' id='word_1_210' title='bbox 1713 2110 1849 2164; x_wconf 84' lang='lat' dir='ltr'><strong>proe·</strong></span> 
     </span>
     <span class='ocr_line' id='line_1_27' title="bbox 246 2170 1849 2245; baseline -0.003 -17"><span class='ocrx_word' id='word_1_211' title='bbox 246 2176 518 2245; x_wconf 87' lang='lat' dir='ltr'><strong>ceptisque</strong></span> <span class='ocrx_word' id='word_1_212' title='bbox 543 2175 884 2241; x_wconf 77' lang='lat' dir='ltr'><strong>conformata,</strong></span> <span class='ocrx_word' id='word_1_213' title='bbox 910 2174 1184 2229; x_wconf 89' lang='lat' dir='ltr'><strong>nonnullis</strong></span> <span class='ocrx_word' id='word_1_214' title='bbox 1206 2173 1497 2244; x_wconf 84' lang='lat' dir='ltr'><strong>aliquando</strong></span> <span class='ocrx_word' id='word_1_215' title='bbox 1529 2170 1691 2225; x_wconf 83' lang='lat' dir='ltr'><strong>saluti</strong></span> <span class='ocrx_word' id='word_1_216' title='bbox 1721 2171 1849 2237; x_wconf 80' lang='lat' dir='ltr'><strong>fuit,</strong></span> 
     </span>
     <span class='ocr_line' id='line_1_28' title="bbox 245 2249 1849 2324; baseline -0.004 -17"><span class='ocrx_word' id='word_1_217' title='bbox 245 2270 279 2307; x_wconf 82' lang='lat' dir='ltr'><strong>a</strong></span> <span class='ocrx_word' id='word_1_218' title='bbox 303 2270 407 2322; x_wconf 90' lang='lat' dir='ltr'><strong>quo</strong></span> <span class='ocrx_word' id='word_1_219' title='bbox 429 2252 489 2306; x_wconf 87' lang='lat' dir='ltr'><strong>id</strong></span> <span class='ocrx_word' id='word_1_220' title='bbox 513 2254 828 2323; x_wconf 72' lang='lat' dir='ltr'><strong>accepimuS,</strong></span> <span class='ocrx_word' id='word_1_221' title='bbox 857 2270 960 2324; x_wconf 89' lang='lat' dir='ltr'><strong>quo</strong></span> <span class='ocrx_word' id='word_1_222' title='bbox 985 2252 1172 2306; x_wconf 80' lang='lat' dir='ltr'><strong>ceteris</strong></span> <span class='ocrx_word' id='word_1_223' title='bbox 1206 2251 1460 2321; x_wconf 81' lang='lat' dir='ltr'><strong>opitulari</strong></span> <span class='ocrx_word' id='word_1_224' title='bbox 1493 2256 1549 2303; x_wconf 91' lang='lat' dir='ltr'><strong>et</strong></span> <span class='ocrx_word' id='word_1_225' title='bbox 1583 2249 1716 2303; x_wconf 83' lang='lat' dir='ltr'><strong>alios</strong></span> <span class='ocrx_word' id='word_1_226' title='bbox 1739 2265 1849 2302; x_wconf 87' lang='lat' dir='ltr'><strong>ser·</strong></span> 
     </span>
     <span class='ocr_line' id='line_1_29' title="bbox 247 2326 1851 2404; baseline -0.002 -20"><span class='ocrx_word' id='word_1_227' title='bbox 247 2347 372 2385; x_wconf 81' lang='lat' dir='ltr'><strong>vare</strong></span> <span class='ocrx_word' id='word_1_228' title='bbox 395 2346 682 2402; x_wconf 84' lang='lat' dir='ltr'><strong>possemus,</strong></span> <span class='ocrx_word' id='word_1_229' title='bbox 706 2329 834 2384; x_wconf 89' lang='lat' dir='ltr'><strong>huic</strong></span> <span class='ocrx_word' id='word_1_230' title='bbox 867 2330 1102 2404; x_wconf 86' lang='lat' dir='ltr'><strong>profecto</strong></span> <span class='ocrx_word' id='word_1_231' title='bbox 1134 2328 1254 2401; x_wconf 88' lang='lat' dir='ltr'><strong>ipsi,</strong></span> <span class='ocrx_word' id='word_1_232' title='bbox 1279 2333 1544 2399; x_wconf 82' lang='lat' dir='ltr'><strong>quantum</strong></span> <span class='ocrx_word' id='word_1_233' title='bbox 1578 2329 1658 2381; x_wconf 84' lang='lat' dir='ltr'><strong>est</strong></span> <span class='ocrx_word' id='word_1_234' title='bbox 1681 2326 1851 2380; x_wconf 83' lang='lat' dir='ltr'><strong>situm</strong></span> 
     </span>
    </p>

    <p class='ocr_par' dir='ltr' id='par_1_4' title="bbox 201 2404 1849 2557">
     <span class='ocr_line' id='line_1_30' title="bbox 201 2404 1849 2478; baseline -0.003 -16"><span class='ocrx_word' id='word_1_235' title='bbox 201 2408 263 2457; x_wconf 84' lang='grc'><strong>2</strong></span> <span class='ocrx_word' id='word_1_236' title='bbox 246 2426 304 2463; x_wconf 91' lang='grc' dir='ltr'><strong>ιιι</strong></span> <span class='ocrx_word' id='word_1_237' title='bbox 339 2408 506 2476; x_wconf 85' lang='lat' dir='ltr'><strong>nobis,</strong></span> <span class='ocrx_word' id='word_1_238' title='bbox 532 2415 588 2464; x_wconf 89' lang='lat' dir='ltr'><strong>et</strong></span> <span class='ocrx_word' id='word_1_239' title='bbox 624 2424 777 2478; x_wconf 88' lang='lat' dir='ltr'><strong>opem</strong></span> <span class='ocrx_word' id='word_1_240' title='bbox 812 2415 867 2462; x_wconf 87' lang='lat' dir='ltr'><strong>et</strong></span> <span class='ocrx_word' id='word_1_241' title='bbox 900 2408 1130 2462; x_wconf 79' lang='lat' dir='ltr'><strong>salutem</strong></span> <span class='ocrx_word' id='word_1_242' title='bbox 1160 2407 1297 2463; x_wconf 88' lang='lat' dir='ltr'><strong>ferre</strong></span> <span class='ocrx_word' id='word_1_243' title='bbox 1334 2404 1600 2462; x_wconf 87' lang='lat' dir='ltr'><strong>debemus.</strong></span> <span class='ocrx_word' id='word_1_244' title='bbox 1674 2404 1755 2460; x_wconf 86' lang='lat' dir='ltr'><strong>Ac</strong></span> <span class='ocrx_word' id='word_1_245' title='bbox 1779 2421 1849 2458; x_wconf 88' lang='lat' dir='ltr'><strong>ne</strong></span> 
     </span>
     <span class='ocr_line' id='line_1_31' title="bbox 247 2482 1849 2578; baseline -0.003 -38"><span class='ocrx_word' id='word_1_246' title='bbox 247 2486 366 2557; x_wconf 86' lang='lat' dir='ltr'><strong>quis</strong></span> <span class='ocrx_word' id='word_1_247' title='bbox 388 2504 423 2541; x_wconf 80' lang='lat' dir='ltr'><strong>a</strong></span> <span class='ocrx_word' id='word_1_248' title='bbox 443 2484 594 2541; x_wconf 88' lang='lat' dir='ltr'><strong>nobis</strong></span> <span class='ocrx_word' id='word_1_249' title='bbox 617 2484 717 2540; x_wconf 90' lang='lat' dir='ltr'><strong>hoc</strong></span> <span class='ocrx_word' id='word_1_250' title='bbox 741 2486 820 2539; x_wconf 85' lang='lat' dir='ltr'><strong>ita.</strong></span> <span class='ocrx_word' id='word_1_251' title='bbox 851 2485 960 2542; x_wconf 86' lang='lat' dir='ltr'><strong>dici</strong></span> <span class='ocrx_word' id='word_1_252' title='bbox 982 2485 1120 2540; x_wconf 88' lang='lat' dir='ltr'><strong>forte</strong></span> <span class='ocrx_word' id='word_1_253' title='bbox 1143 2484 1381 2578; x_wconf 81' lang='lat' dir='ltr'><strong>miretur,</strong></span> <span class='ocrx_word' id='word_1_254' title='bbox 1407 2483 1549 2554; x_wconf 86' lang='lat' dir='ltr'><strong>quod</strong></span> <span class='ocrx_word' id='word_1_255' title='bbox 1572 2482 1681 2537; x_wconf 76' lang='lat' dir='ltr'><strong>alia</strong></span> <span class='ocrx_word' id='word_1_256' title='bbox 1704 2498 1849 2552; x_wconf 80' lang='lat' dir='ltr'><strong>quae-</strong></span> 
     </span>
    </p>

    <p class='ocr_par' dir='ltr' id='par_1_5' title="bbox 190 2559 1851 2796">
     <span class='ocr_line' id='line_1_32' title="bbox 190 2559 1851 2632; baseline -0.002 -13"><span class='ocrx_word' id='word_1_257' title='bbox 190 2578 229 2604; x_wconf 54' lang='lat' dir='ltr'><strong>x</strong></span> <span class='ocrx_word' id='word_1_258' title='bbox 246 2566 372 2619; x_wconf 86' lang='lat' dir='ltr'><strong>dam</strong></span> <span class='ocrx_word' id='word_1_259' title='bbox 405 2563 465 2619; x_wconf 90' lang='lat' dir='ltr'><strong>in</strong></span> <span class='ocrx_word' id='word_1_260' title='bbox 498 2562 599 2619; x_wconf 87' lang='lat' dir='ltr'><strong>hoc</strong></span> <span class='ocrx_word' id='word_1_261' title='bbox 633 2562 862 2618; x_wconf 79' lang='lat' dir='ltr'><strong>facultas</strong></span> <span class='ocrx_word' id='word_1_262' title='bbox 898 2563 970 2617; x_wconf 87' lang='lat' dir='ltr'><strong>sit</strong></span> <span class='ocrx_word' id='word_1_263' title='bbox 1010 2562 1230 2632; x_wconf 81' lang='lat' dir='ltr'><strong>ingenii,</strong></span> <span class='ocrx_word' id='word_1_264' title='bbox 1267 2578 1441 2632; x_wconf 89' lang='lat' dir='ltr'><strong>neque</strong></span> <span class='ocrx_word' id='word_1_265' title='bbox 1475 2561 1591 2616; x_wconf 75' lang='lat' dir='ltr'><strong>haec</strong></span> <span class='ocrx_word' id='word_1_266' title='bbox 1633 2559 1851 2615; x_wconf 85' lang='lat' dir='ltr'><strong>dicendi</strong></span> 
     </span>
     <span class='ocr_line' id='line_1_33' title="bbox 245 2637 1849 2713; baseline -0.004 -15"><span class='ocrx_word' id='word_1_267' title='bbox 245 2643 384 2700; x_wconf 81' lang='lat' dir='ltr'><strong>ratio</strong></span> <span class='ocrx_word' id='word_1_268' title='bbox 421 2644 517 2698; x_wconf 81' lang='lat' dir='ltr'><strong>aut</strong></span> <span class='ocrx_word' id='word_1_269' title='bbox 553 2641 850 2713; x_wconf 82' lang='lat' dir='ltr'><strong>disciplina,</strong></span> <span class='ocrx_word' id='word_1_270' title='bbox 884 2659 951 2696; x_wconf 91' lang='lat' dir='ltr'><strong>ne</strong></span> <span class='ocrx_word' id='word_1_271' title='bbox 985 2657 1083 2695; x_wconf 86' lang='lat' dir='ltr'><strong>nos</strong></span> <span class='ocrx_word' id='word_1_272' title='bbox 1118 2639 1336 2712; x_wconf 84' lang='lat' dir='ltr'><strong>quidem</strong></span> <span class='ocrx_word' id='word_1_273' title='bbox 1370 2640 1500 2695; x_wconf 88' lang='lat' dir='ltr'><strong>huic</strong></span> <span class='ocrx_word' id='word_1_274' title='bbox 1534 2639 1631 2693; x_wconf 85' lang='lat' dir='ltr'><strong>uni</strong></span> <span class='ocrx_word' id='word_1_275' title='bbox 1665 2637 1849 2693; x_wconf 82' lang='lat' dir='ltr'><strong>studio</strong></span> 
     </span>
     <span class='ocr_line' id='line_1_34' title="bbox 247 2717 1846 2796; baseline 0 -19"><span class='ocrx_word' id='word_1_276' title='bbox 247 2721 462 2796; x_wconf 85' lang='lat' dir='ltr'><strong>penitus</strong></span> <span class='ocrx_word' id='word_1_277' title='bbox 486 2735 742 2792; x_wconf 83' lang='lat' dir='ltr'><strong>umquam</strong></span> <span class='ocrx_word' id='word_1_278' title='bbox 765 2717 936 2776; x_wconf 86' lang='lat' dir='ltr'><strong>dediti</strong></span> <span class='ocrx_word' id='word_1_279' title='bbox 958 2717 1176 2775; x_wconf 78' lang='lat' dir='ltr'><strong>fuimus.</strong></span> <span class='ocrx_word' id='word_1_280' title='bbox 1242 2717 1459 2774; x_wconf 77' lang='lat' dir='ltr'><strong>Etenim</strong></span> <span class='ocrx_word' id='word_1_281' title='bbox 1482 2732 1663 2776; x_wconf 77' lang='lat' dir='ltr'><strong>omnes</strong></span> <span class='ocrx_word' id='word_1_282' title='bbox 1685 2720 1846 2792; x_wconf 63' lang='lat' dir='ltr'><strong>utet,</strong></span> 
     </span>
    </p>
   </div>
   <div class='ocr_carea' id='block_1_4' title="bbox 2019 1171 2020 1771">
    <p class='ocr_par' dir='ltr' id='par_1_6' title="bbox 2019 1171 2020 1771">
     <span class='ocr_line' id='line_1_35' title="bbox 2019 1171 2020 1771; baseline 0 0"><span class='ocrx_word' id='word_1_283' title='bbox 2019 1171 2020 1771; x_wconf 95' lang='lat' dir='ltr'><strong> </strong></span> 
     </span>
    </p>
   </div>
  </div>
 </body>
</html>
