<?xml version="1.0" encoding="UTF-8"?>
<!DOCTYPE html PUBLIC "-//W3C//DTD XHTML 1.0 Transitional//EN"
    "http://www.w3.org/TR/xhtml1/DTD/xhtml1-transitional.dtd">
<html xmlns="http://www.w3.org/1999/xhtml" xml:lang="en" lang="en">
 <head>
  <title>
</title>
<meta http-equiv="Content-Type" content="text/html;charset=utf-8" />
  <meta name='ocr-system' content='tesseract 3.04.00' />
  <meta name='ocr-capabilities' content='ocr_page ocr_carea ocr_par ocr_line ocrx_word'/>
</head>
<body>
  <div class='ocr_page' id='page_1' title='image "./prolegemanilias00cicegoog_0076.png"; bbox 0 0 2020 3027; ppageno 0'>
   <div class='ocr_carea' id='block_1_1' title="bbox 269 67 1195 119">
    <p class='ocr_par' dir='ltr' id='par_1_1' title="bbox 269 67 1195 119">
     <span class='ocr_line' id='line_1_1' title="bbox 269 67 1195 119; baseline -0.002 0"><span class='ocrx_word' id='word_1_1' title='bbox 269 67 336 119; x_wconf 80' lang='lat'><strong>64</strong></span> <span class='ocrx_word' id='word_1_2' title='bbox 922 68 1195 118; x_wconf 83' lang='lat' dir='ltr'>ORATIO</span> 
     </span>
    </p>
   </div>
   <div class='ocr_carea' id='block_1_2' title="bbox 197 198 1896 2748">
    <p class='ocr_par' dir='ltr' id='par_1_2' title="bbox 262 198 1863 1045">
     <span class='ocr_line' id='line_1_2' title="bbox 273 198 1858 274; baseline -0.002 -17"><span class='ocrx_word' id='word_1_3' title='bbox 273 221 358 258; x_wconf 91' lang='lat' dir='ltr'><strong>me</strong></span> <span class='ocrx_word' id='word_1_4' title='bbox 381 219 476 274; x_wconf 86' lang='lat' dir='ltr'><strong>pro</strong></span> <span class='ocrx_word' id='word_1_5' title='bbox 501 199 672 257; x_wconf 90' lang='lat' dir='ltr'><strong>salute</strong></span> <span class='ocrx_word' id='word_1_6' title='bbox 696 205 874 256; x_wconf 84' lang='lat' dir='ltr'><strong>vestra</strong></span> <span class='ocrx_word' id='word_1_7' title='bbox 895 200 956 254; x_wconf 91' lang='lat' dir='ltr'><strong>in</strong></span> <span class='ocrx_word' id='word_1_8' title='bbox 979 204 1063 254; x_wconf 89' lang='lat' dir='ltr'><strong>tot</strong></span> <span class='ocrx_word' id='word_1_9' title='bbox 1086 217 1150 254; x_wconf 90' lang='lat' dir='ltr'><strong>ac</strong></span> <span class='ocrx_word' id='word_1_10' title='bbox 1181 200 1361 254; x_wconf 83' lang='lat' dir='ltr'><strong>tantas</strong></span> <span class='ocrx_word' id='word_1_11' title='bbox 1394 198 1758 255; x_wconf 71' lang='lat' dir='ltr'><strong>dimicationes</strong></span> <span class='ocrx_word' id='word_1_12' title='bbox 1781 203 1858 255; x_wconf 85' lang='lat' dir='ltr'><strong>at-</strong></span> 
     </span>
     <span class='ocr_line' id='line_1_3' title="bbox 272 277 1860 352; baseline -0.001 -20"><span class='ocrx_word' id='word_1_13' title='bbox 272 298 374 352; x_wconf 89' lang='lat' dir='ltr'><strong>que</strong></span> <span class='ocrx_word' id='word_1_14' title='bbox 396 282 456 334; x_wconf 87' lang='lat' dir='ltr'><strong>in</strong></span> <span class='ocrx_word' id='word_1_15' title='bbox 478 280 573 334; x_wconf 91' lang='lat' dir='ltr'><strong>hos</strong></span> <span class='ocrx_word' id='word_1_16' title='bbox 597 279 996 349; x_wconf 86' lang='lat' dir='ltr'><strong>profligatorum</strong></span> <span class='ocrx_word' id='word_1_17' title='bbox 1029 277 1307 330; x_wconf 90' lang='lat' dir='ltr'><strong>hominum</strong></span> <span class='ocrx_word' id='word_1_18' title='bbox 1339 277 1677 346; x_wconf 84' lang='lat' dir='ltr'><strong>quotidianos</strong></span> <span class='ocrx_word' id='word_1_19' title='bbox 1699 278 1860 348; x_wconf 87' lang='lat' dir='ltr'><strong>impe-</strong></span> 
     </span>
     <span class='ocr_line' id='line_1_4' title="bbox 273 353 1860 427; baseline -0.002 -16"><span class='ocrx_word' id='word_1_20' title='bbox 273 363 361 412; x_wconf 90' lang='lat' dir='ltr'><strong>tus</strong></span> <span class='ocrx_word' id='word_1_21' title='bbox 396 357 710 427; x_wconf 89' lang='lat' dir='ltr'><strong>objecissem.</strong></span> <span class='ocrx_word' id='word_1_22' title='bbox 805 353 908 410; x_wconf 89' lang='lat' dir='ltr'><strong>Sed</strong></span> <span class='ocrx_word' id='word_1_23' title='bbox 949 353 1097 424; x_wconf 92' lang='lat' dir='ltr'><strong>pleni</strong></span> <span class='ocrx_word' id='word_1_24' title='bbox 1132 360 1260 407; x_wconf 87' lang='lat' dir='ltr'><strong>sunt</strong></span> <span class='ocrx_word' id='word_1_25' title='bbox 1298 370 1477 407; x_wconf 90' lang='lat' dir='ltr'><strong>omnes</strong></span> <span class='ocrx_word' id='word_1_26' title='bbox 1517 353 1657 423; x_wconf 87' lang='lat' dir='ltr'><strong>libri,</strong></span> <span class='ocrx_word' id='word_1_27' title='bbox 1693 355 1860 424; x_wconf 81' lang='lat' dir='ltr'><strong>plenae</strong></span> 
     </span>
     <span class='ocr_line' id='line_1_5' title="bbox 272 430 1859 527; baseline -0.002 -38"><span class='ocrx_word' id='word_1_28' title='bbox 272 433 596 527; x_wconf 77' lang='lat' dir='ltr'><strong>sapientium</strong></span> <span class='ocrx_word' id='word_1_29' title='bbox 629 449 797 497; x_wconf 83' lang='lat' dir='ltr'><strong>voces,</strong></span> <span class='ocrx_word' id='word_1_30' title='bbox 842 431 1018 518; x_wconf 48' lang='lat' dir='ltr'><strong>plena·</strong></span> <span class='ocrx_word' id='word_1_31' title='bbox 1037 430 1401 501; x_wconf 88' lang='lat' dir='ltr'><strong>exemplorum</strong></span> <span class='ocrx_word' id='word_1_32' title='bbox 1435 436 1705 498; x_wconf 78' lang='lat' dir='ltr'><strong>vetustas3</strong></span> <span class='ocrx_word' id='word_1_33' title='bbox 1742 449 1859 502; x_wconf 84' lang='lat' dir='ltr'><strong>quae</strong></span> 
     </span>
     <span class='ocr_line' id='line_1_6' title="bbox 262 507 1859 582; baseline -0.001 -16"><span class='ocrx_word' id='word_1_34' title='bbox 262 529 411 582; x_wconf 83' lang='lat' dir='ltr'><strong>Jacer</strong></span> <span class='ocrx_word' id='word_1_35' title='bbox 440 518 504 565; x_wconf 88' lang='lat' dir='ltr'><strong>nt</strong></span> <span class='ocrx_word' id='word_1_36' title='bbox 525 511 585 563; x_wconf 90' lang='lat' dir='ltr'><strong>in</strong></span> <span class='ocrx_word' id='word_1_37' title='bbox 616 509 845 564; x_wconf 85' lang='lat' dir='ltr'><strong>tenebris</strong></span> <span class='ocrx_word' id='word_1_38' title='bbox 878 507 1069 576; x_wconf 87' lang='lat' dir='ltr'><strong>omnia,</strong></span> <span class='ocrx_word' id='word_1_39' title='bbox 1094 507 1200 562; x_wconf 90' lang='lat' dir='ltr'><strong>nisi</strong></span> <span class='ocrx_word' id='word_1_40' title='bbox 1234 507 1538 562; x_wconf 86' lang='lat' dir='ltr'><strong>litterarum</strong></span> <span class='ocrx_word' id='word_1_41' title='bbox 1566 509 1747 563; x_wconf 87' lang='lat' dir='ltr'><strong>lumen</strong></span> <span class='ocrx_word' id='word_1_42' title='bbox 1777 527 1859 564; x_wconf 89' lang='lat' dir='ltr'><strong>ac-</strong></span> 
     </span>
     <span class='ocr_line' id='line_1_7' title="bbox 271 529 1861 655; baseline -0.001 -12"><span class='ocrx_word' id='word_1_43' title='bbox 271 529 541 644; x_wconf 48' lang='grc' dir='ltr'><strong>(κθᾶθιξέῦ.ωδ</strong></span> <span class='ocrx_word' id='word_1_44' title='bbox 522 587 740 654; x_wconf 85' lang='lat' dir='ltr'><strong>Quam</strong></span> <span class='ocrx_word' id='word_1_45' title='bbox 771 587 969 640; x_wconf 87' lang='lat' dir='ltr'><strong>multas</strong></span> <span class='ocrx_word' id='word_1_46' title='bbox 1001 584 1194 639; x_wconf 87' lang='lat' dir='ltr'><strong>nobis&#39;</strong></span> <span class='ocrx_word' id='word_1_47' title='bbox 1177 585 1436 655; x_wconf 74' lang='lat' dir='ltr'><strong>imagines</strong></span> <span class='ocrx_word' id='word_1_48' title='bbox 1466 602 1574 640; x_wconf 89' lang='lat' dir='ltr'><strong>non</strong></span> <span class='ocrx_word' id='word_1_49' title='bbox 1598 586 1768 640; x_wconf 90' lang='lat' dir='ltr'><strong>solum</strong></span> <span class='ocrx_word' id='word_1_50' title='bbox 1789 587 1861 641; x_wconf 84' lang='lat' dir='ltr'><strong>ad</strong></span> 
     </span>
     <span class='ocr_line' id='line_1_8' title="bbox 270 661 1861 732; baseline -0.001 -12"><span class='ocrx_word' id='word_1_51' title='bbox 270 666 606 732; x_wconf 90' lang='lat' dir='ltr'><strong>intuendum,</strong></span> <span class='ocrx_word' id='word_1_52' title='bbox 647 681 832 718; x_wconf 81' lang='lat' dir='ltr'><strong>verum</strong></span> <span class='ocrx_word' id='word_1_53' title='bbox 867 663 1031 717; x_wconf 89' lang='lat' dir='ltr'><strong>etiam</strong></span> <span class='ocrx_word' id='word_1_54' title='bbox 1070 663 1141 716; x_wconf 86' lang='lat' dir='ltr'><strong>ad</strong></span> <span class='ocrx_word' id='word_1_55' title='bbox 1181 661 1520 726; x_wconf 84' lang='lat' dir='ltr'><strong>imitandum,</strong></span> <span class='ocrx_word' id='word_1_56' title='bbox 1555 663 1861 719; x_wconf 87' lang='lat' dir='ltr'><strong>fortissimo-</strong></span> 
     </span>
     <span class='ocr_line' id='line_1_9' title="bbox 270 739 1861 810; baseline -0.001 -12"><span class='ocrx_word' id='word_1_57' title='bbox 270 762 393 798; x_wconf 85' lang='lat' dir='ltr'><strong>rum</strong></span> <span class='ocrx_word' id='word_1_58' title='bbox 415 744 649 798; x_wconf 82' lang='lat' dir='ltr'><strong>virorum</strong></span> <span class='ocrx_word' id='word_1_59' title='bbox 683 757 968 810; x_wconf 75' lang='lat' dir='ltr'><strong>expressas,</strong></span> <span class='ocrx_word' id='word_1_60' title='bbox 996 739 1275 809; x_wconf 75' lang='lat' dir='ltr'><strong>scriptores</strong></span> <span class='ocrx_word' id='word_1_61' title='bbox 1311 745 1368 793; x_wconf 91' lang='lat' dir='ltr'><strong>et</strong></span> <span class='ocrx_word' id='word_1_62' title='bbox 1402 739 1569 794; x_wconf 85' lang='lat' dir='ltr'><strong>Graeci</strong></span> <span class='ocrx_word' id='word_1_63' title='bbox 1604 745 1659 794; x_wconf 84' lang='lat' dir='ltr'><strong>et</strong></span> <span class='ocrx_word' id='word_1_64' title='bbox 1682 741 1861 796; x_wconf 82' lang='lat' dir='ltr'><strong>Latini</strong></span> 
     </span>
     <span class='ocr_line' id='line_1_10' title="bbox 269 816 1862 892; baseline -0.001 -16"><span class='ocrx_word' id='word_1_65' title='bbox 269 821 631 892; x_wconf 85' lang='lat' dir='ltr'><strong>reliquerunt!</strong></span> <span class='ocrx_word' id='word_1_66' title='bbox 697 816 838 883; x_wconf 86' lang='lat' dir='ltr'><strong>Quas</strong></span> <span class='ocrx_word' id='word_1_67' title='bbox 862 835 958 888; x_wconf 89' lang='lat' dir='ltr'><strong>ego</strong></span> <span class='ocrx_word' id='word_1_68' title='bbox 981 817 1117 870; x_wconf 85' lang='lat' dir='ltr'><strong>mihi</strong></span> <span class='ocrx_word' id='word_1_69' title='bbox 1140 833 1345 886; x_wconf 84' lang='lat' dir='ltr'><strong>semper</strong></span> <span class='ocrx_word' id='word_1_70' title='bbox 1367 817 1426 869; x_wconf 91' lang='lat' dir='ltr'><strong>in</strong></span> <span class='ocrx_word' id='word_1_71' title='bbox 1442 817 1862 874; x_wconf 84' lang='lat' dir='ltr'><strong>administranda</strong></span> 
     </span>
     <span class='ocr_line' id='line_1_11' title="bbox 271 895 1863 968; baseline -0.001 -16"><span class='ocrx_word' id='word_1_72' title='bbox 271 898 542 968; x_wconf 85' lang='lat' dir='ltr'><strong>republica</strong></span> <span class='ocrx_word' id='word_1_73' title='bbox 572 912 882 966; x_wconf 90' lang='lat' dir='ltr'><strong>proponens,</strong></span> <span class='ocrx_word' id='word_1_74' title='bbox 907 895 1149 948; x_wconf 90' lang='lat' dir='ltr'><strong>animum</strong></span> <span class='ocrx_word' id='word_1_75' title='bbox 1179 898 1235 948; x_wconf 90' lang='lat' dir='ltr'><strong>et</strong></span> <span class='ocrx_word' id='word_1_76' title='bbox 1272 901 1504 949; x_wconf 86' lang='lat' dir='ltr'><strong>mentem</strong></span> <span class='ocrx_word' id='word_1_77' title='bbox 1538 912 1713 949; x_wconf 90' lang='lat' dir='ltr'><strong>meam</strong></span> <span class='ocrx_word' id='word_1_78' title='bbox 1747 897 1863 966; x_wconf 80' lang='lat' dir='ltr'><strong>ipsa</strong></span> 
     </span>
     <span class='ocr_line' id='line_1_12' title="bbox 273 970 1731 1045; baseline -0.002 -15"><span class='ocrx_word' id='word_1_79' title='bbox 273 974 591 1045; x_wconf 79' lang='lat' dir='ltr'><strong>cogitatione</strong></span> <span class='ocrx_word' id='word_1_80' title='bbox 614 971 893 1026; x_wconf 88' lang='lat' dir='ltr'><strong>hominum</strong></span> <span class='ocrx_word' id='word_1_81' title='bbox 915 971 1293 1025; x_wconf 89' lang='lat' dir='ltr'><strong>excellentium</strong></span> <span class='ocrx_word' id='word_1_82' title='bbox 1317 970 1731 1027; x_wconf 86' lang='lat' dir='ltr'><strong>conformabam.</strong></span> 
     </span>
    </p>

    <p class='ocr_par' dir='ltr' id='par_1_3' title="bbox 200 1048 1896 2053">
     <span class='ocr_line' id='line_1_13' title="bbox 200 1048 1861 1119; baseline -0.002 -10"><span class='ocrx_word' id='word_1_83' title='bbox 200 1061 256 1109; x_wconf 82' lang='lat'><strong>15</strong></span> <span class='ocrx_word' id='word_1_84' title='bbox 343 1051 470 1106; x_wconf 87' lang='lat' dir='ltr'><strong>VII.</strong></span> <span class='ocrx_word' id='word_1_85' title='bbox 527 1050 740 1117; x_wconf 74' lang='lat' dir='ltr'><strong>Quaeret</strong></span> <span class='ocrx_word' id='word_1_86' title='bbox 786 1048 1085 1118; x_wconf 80' lang='lat' dir='ltr'><strong>quispiam:</strong></span> <span class='ocrx_word' id='word_1_87' title='bbox 1148 1048 1321 1118; x_wconf 77' lang='lat' dir='ltr'><strong>quid?</strong></span> <span class='ocrx_word' id='word_1_88' title='bbox 1383 1048 1465 1102; x_wconf 91' lang='lat' dir='ltr'><strong>illi</strong></span> <span class='ocrx_word' id='word_1_89' title='bbox 1514 1049 1618 1119; x_wconf 88' lang='lat' dir='ltr'><strong>ipsi</strong></span> <span class='ocrx_word' id='word_1_90' title='bbox 1667 1051 1861 1106; x_wconf 88' lang='lat' dir='ltr'><strong>summi</strong></span> 
     </span>
     <span class='ocr_line' id='line_1_14' title="bbox 272 1125 1862 1200; baseline 0 -16"><span class='ocrx_word' id='word_1_91' title='bbox 272 1131 390 1194; x_wconf 85' lang='lat' dir='ltr'><strong>viri,</strong></span> <span class='ocrx_word' id='word_1_92' title='bbox 415 1146 640 1200; x_wconf 86' lang='lat' dir='ltr'><strong>quorum</strong></span> <span class='ocrx_word' id='word_1_93' title='bbox 662 1127 889 1181; x_wconf 82' lang='lat' dir='ltr'><strong>virtutes</strong></span> <span class='ocrx_word' id='word_1_94' title='bbox 912 1125 1106 1179; x_wconf 89' lang='lat' dir='ltr'><strong>litteris</strong></span> <span class='ocrx_word' id='word_1_95' title='bbox 1129 1125 1354 1195; x_wconf 72' lang='lat' dir='ltr'><strong>proditae</strong></span> <span class='ocrx_word' id='word_1_96' title='bbox 1383 1133 1525 1194; x_wconf 89' lang='lat' dir='ltr'><strong>sunt,</strong></span> <span class='ocrx_word' id='word_1_97' title='bbox 1547 1128 1717 1182; x_wconf 86' lang='lat' dir='ltr'><strong>istane</strong></span> <span class='ocrx_word' id='word_1_98' title='bbox 1741 1129 1862 1185; x_wconf 83' lang='lat' dir='ltr'><strong>doc·</strong></span> 
     </span>
     <span class='ocr_line' id='line_1_15' title="bbox 272 1201 1863 1277; baseline -0.002 -14"><span class='ocrx_word' id='word_1_99' title='bbox 272 1209 429 1276; x_wconf 90' lang='lat' dir='ltr'><strong>trina,</strong></span> <span class='ocrx_word' id='word_1_100' title='bbox 454 1223 616 1277; x_wconf 87' lang='lat' dir='ltr'><strong>quam</strong></span> <span class='ocrx_word' id='word_1_101' title='bbox 640 1209 704 1259; x_wconf 93' lang='lat' dir='ltr'><strong>tu</strong></span> <span class='ocrx_word' id='word_1_102' title='bbox 727 1203 876 1259; x_wconf 87' lang='lat' dir='ltr'><strong>effers</strong></span> <span class='ocrx_word' id='word_1_103' title='bbox 901 1201 1166 1269; x_wconf 83' lang='lat' dir='ltr'><strong>laudibus,</strong></span> <span class='ocrx_word' id='word_1_104' title='bbox 1192 1203 1388 1257; x_wconf 84' lang='lat' dir='ltr'><strong>eruditi</strong></span> <span class='ocrx_word' id='word_1_105' title='bbox 1412 1204 1631 1259; x_wconf 84' lang='lat' dir='ltr'><strong>fuerunt</strong></span> <span class='ocrx_word' id='word_1_106' title='bbox 1653 1205 1673 1260; x_wconf 73' lang='lat'><em>2</em></span> <span class='ocrx_word' id='word_1_107' title='bbox 1742 1205 1863 1261; x_wconf 82' lang='lat' dir='ltr'><strong>Dif-</strong></span> 
     </span>
     <span class='ocr_line' id='line_1_16' title="bbox 271 1279 1896 1356; baseline 0 -17"><span class='ocrx_word' id='word_1_108' title='bbox 271 1285 410 1340; x_wconf 86' lang='lat' dir='ltr'><strong>ficile</strong></span> <span class='ocrx_word' id='word_1_109' title='bbox 442 1289 524 1338; x_wconf 84' lang='lat' dir='ltr'><strong>est</strong></span> <span class='ocrx_word' id='word_1_110' title='bbox 558 1283 658 1337; x_wconf 91' lang='lat' dir='ltr'><strong>hoc</strong></span> <span class='ocrx_word' id='word_1_111' title='bbox 694 1282 759 1336; x_wconf 89' lang='lat' dir='ltr'><strong>de</strong></span> <span class='ocrx_word' id='word_1_112' title='bbox 789 1279 1035 1335; x_wconf 88' lang='lat' dir='ltr'><strong>omnibus</strong></span> <span class='ocrx_word' id='word_1_113' title='bbox 1060 1279 1401 1346; x_wconf 82' lang='lat' dir='ltr'><strong>confirmare3</strong></span> <span class='ocrx_word' id='word_1_114' title='bbox 1437 1282 1529 1337; x_wconf 87' lang='lat' dir='ltr'><strong>sed</strong></span> <span class='ocrx_word' id='word_1_115' title='bbox 1565 1288 1746 1338; x_wconf 85' lang='lat' dir='ltr'><strong>tamen</strong></span> <span class='ocrx_word' id='word_1_116' title='bbox 1779 1290 1863 1339; x_wconf 84' lang='lat' dir='ltr'><strong>est</strong></span> <span class='ocrx_word' id='word_1_117' title='bbox 1889 1338 1896 1356; x_wconf 59' lang='grc'><strong>,</strong></span> 
     </span>
     <span class='ocr_line' id='line_1_17' title="bbox 270 1356 1864 1432; baseline -0.002 -15"><span class='ocrx_word' id='word_1_118' title='bbox 270 1368 490 1427; x_wconf 88' lang='lat' dir='ltr'><strong>certum,</strong></span> <span class='ocrx_word' id='word_1_119' title='bbox 523 1359 653 1432; x_wconf 89' lang='lat' dir='ltr'><strong>quid</strong></span> <span class='ocrx_word' id='word_1_120' title='bbox 683 1357 1043 1428; x_wconf 88' lang='lat' dir='ltr'><strong>respondeam.</strong></span> <span class='ocrx_word' id='word_1_121' title='bbox 1114 1356 1230 1426; x_wconf 87' lang='lat' dir='ltr'><strong>Ego</strong></span> <span class='ocrx_word' id='word_1_122' title='bbox 1266 1358 1463 1412; x_wconf 87' lang='lat' dir='ltr'><strong>multos</strong></span> <span class='ocrx_word' id='word_1_123' title='bbox 1498 1359 1738 1414; x_wconf 89' lang='lat' dir='ltr'><strong>homines</strong></span> <span class='ocrx_word' id='word_1_124' title='bbox 1773 1379 1864 1414; x_wconf 89' lang='lat' dir='ltr'><strong>ex·</strong></span> 
     </span>
     <span class='ocr_line' id='line_1_18' title="bbox 270 1435 1865 1499; baseline -0.001 -5"><span class='ocrx_word' id='word_1_125' title='bbox 270 1439 482 1495; x_wconf 92' lang='lat' dir='ltr'><strong>cellenti</strong></span> <span class='ocrx_word' id='word_1_126' title='bbox 517 1439 694 1492; x_wconf 90' lang='lat' dir='ltr'><strong>animo</strong></span> <span class='ocrx_word' id='word_1_127' title='bbox 728 1452 792 1489; x_wconf 87' lang='lat' dir='ltr'><strong>ac</strong></span> <span class='ocrx_word' id='word_1_128' title='bbox 815 1435 1017 1488; x_wconf 80' lang='lat' dir='ltr'><strong>virtute</strong></span> <span class='ocrx_word' id='word_1_129' title='bbox 1051 1435 1231 1499; x_wconf 86' lang='lat' dir='ltr'><strong>fuisse,</strong></span> <span class='ocrx_word' id='word_1_130' title='bbox 1254 1442 1310 1489; x_wconf 88' lang='lat' dir='ltr'><strong>et</strong></span> <span class='ocrx_word' id='word_1_131' title='bbox 1347 1435 1460 1490; x_wconf 84' lang='lat' dir='ltr'><strong>sine</strong></span> <span class='ocrx_word' id='word_1_132' title='bbox 1496 1436 1738 1491; x_wconf 82' lang='lat' dir='ltr'><strong>doctrina</strong></span> <span class='ocrx_word' id='word_1_133' title='bbox 1772 1456 1865 1493; x_wconf 79' lang='lat' dir='ltr'><strong>na·</strong></span> 
     </span>
     <span class='ocr_line' id='line_1_19' title="bbox 271 1511 1866 1587; baseline 0 -15"><span class='ocrx_word' id='word_1_134' title='bbox 271 1525 406 1572; x_wconf 74' lang='lat' dir='ltr'><strong>turae</strong></span> <span class='ocrx_word' id='word_1_135' title='bbox 446 1515 612 1587; x_wconf 87' lang='lat' dir='ltr'><strong>ipsius</strong></span> <span class='ocrx_word' id='word_1_136' title='bbox 647 1513 840 1568; x_wconf 89' lang='lat' dir='ltr'><strong>habitu</strong></span> <span class='ocrx_word' id='word_1_137' title='bbox 874 1530 1037 1582; x_wconf 88' lang='lat' dir='ltr'><strong>prope</strong></span> <span class='ocrx_word' id='word_1_138' title='bbox 1073 1511 1254 1567; x_wconf 83' lang='lat' dir='ltr'><strong>divino</strong></span> <span class='ocrx_word' id='word_1_139' title='bbox 1290 1531 1385 1584; x_wconf 84' lang='lat' dir='ltr'><strong>per</strong></span> <span class='ocrx_word' id='word_1_140' title='bbox 1420 1515 1616 1585; x_wconf 88' lang='lat' dir='ltr'><strong>seipsos</strong></span> <span class='ocrx_word' id='word_1_141' title='bbox 1657 1521 1713 1570; x_wconf 89' lang='lat' dir='ltr'><strong>et</strong></span> <span class='ocrx_word' id='word_1_142' title='bbox 1756 1535 1866 1573; x_wconf 88' lang='lat' dir='ltr'><strong>mo-</strong></span> 
     </span>
     <span class='ocr_line' id='line_1_20' title="bbox 271 1589 1867 1662; baseline -0.001 -13"><span class='ocrx_word' id='word_1_143' title='bbox 271 1596 476 1649; x_wconf 88' lang='lat' dir='ltr'><strong>deratos</strong></span> <span class='ocrx_word' id='word_1_144' title='bbox 512 1599 573 1660; x_wconf 50' lang='lat' dir='ltr'><strong>et¹</strong></span> <span class='ocrx_word' id='word_1_145' title='bbox 602 1609 786 1662; x_wconf 83' lang='lat' dir='ltr'><strong>graves</strong></span> <span class='ocrx_word' id='word_1_146' title='bbox 821 1589 1089 1644; x_wconf 84' lang='lat' dir='ltr'><strong>exstitisse</strong></span> <span class='ocrx_word' id='word_1_147' title='bbox 1125 1591 1309 1645; x_wconf 82' lang='lat' dir='ltr'><strong>fateor.</strong></span> <span class='ocrx_word' id='word_1_148' title='bbox 1383 1590 1565 1646; x_wconf 86' lang='lat' dir='ltr'><strong>Etiam</strong></span> <span class='ocrx_word' id='word_1_149' title='bbox 1599 1592 1738 1647; x_wconf 89' lang='lat' dir='ltr'><strong>illud</strong></span> <span class='ocrx_word' id='word_1_150' title='bbox 1769 1595 1867 1648; x_wconf 88' lang='lat' dir='ltr'><strong>ad-</strong></span> 
     </span>
     <span class='ocr_line' id='line_1_21' title="bbox 262 1666 1869 1743; baseline 0.001 -18"><span class='ocrx_word' id='word_1_151' title='bbox 262 1674 451 1743; x_wconf 89' lang='lat' dir='ltr'><strong>jungo,</strong></span> <span class='ocrx_word' id='word_1_152' title='bbox 476 1671 669 1742; x_wconf 87' lang='lat' dir='ltr'><strong>saepius</strong></span> <span class='ocrx_word' id='word_1_153' title='bbox 692 1669 762 1724; x_wconf 90' lang='lat' dir='ltr'><strong>ad</strong></span> <span class='ocrx_word' id='word_1_154' title='bbox 784 1666 997 1723; x_wconf 85' lang='lat' dir='ltr'><strong>laudem</strong></span> <span class='ocrx_word' id='word_1_155' title='bbox 1020 1673 1182 1739; x_wconf 88' lang='lat' dir='ltr'><strong>atque</strong></span> <span class='ocrx_word' id='word_1_156' title='bbox 1199 1669 1455 1723; x_wconf 83' lang='lat' dir='ltr'><strong>virtutem</strong></span> <span class='ocrx_word' id='word_1_157' title='bbox 1478 1675 1727 1725; x_wconf 88' lang='lat' dir='ltr'><strong>naturam</strong></span> <span class='ocrx_word' id='word_1_158' title='bbox 1749 1672 1869 1727; x_wconf 86' lang='lat' dir='ltr'><strong>sine</strong></span> 
     </span>
     <span class='ocr_line' id='line_1_22' title="bbox 271 1746 1868 1818; baseline 0.001 -15"><span class='ocrx_word' id='word_1_159' title='bbox 271 1750 524 1815; x_wconf 86' lang='lat' dir='ltr'><strong>doctrina,</strong></span> <span class='ocrx_word' id='word_1_160' title='bbox 552 1765 714 1818; x_wconf 86' lang='lat' dir='ltr'><strong>quam</strong></span> <span class='ocrx_word' id='word_1_161' title='bbox 745 1746 859 1800; x_wconf 89' lang='lat' dir='ltr'><strong>sine</strong></span> <span class='ocrx_word' id='word_1_162' title='bbox 893 1755 1088 1800; x_wconf 83' lang='lat' dir='ltr'><strong>natura</strong></span> <span class='ocrx_word' id='word_1_163' title='bbox 1112 1746 1342 1801; x_wconf 83' lang='lat' dir='ltr'><strong>valuisse</strong></span> <span class='ocrx_word' id='word_1_164' title='bbox 1378 1747 1691 1802; x_wconf 84' lang='lat' dir='ltr'><strong>doctrinam.</strong></span> <span class='ocrx_word' id='word_1_165' title='bbox 1762 1751 1868 1805; x_wconf 84' lang='lat' dir='ltr'><strong>At-</strong></span> 
     </span>
     <span class='ocr_line' id='line_1_23' title="bbox 270 1823 1869 1895; baseline 0.002 -16"><span class='ocrx_word' id='word_1_166' title='bbox 270 1843 372 1895; x_wconf 89' lang='lat' dir='ltr'><strong>que</strong></span> <span class='ocrx_word' id='word_1_167' title='bbox 406 1826 550 1879; x_wconf 93' lang='lat' dir='ltr'><strong>idem</strong></span> <span class='ocrx_word' id='word_1_168' title='bbox 580 1841 677 1894; x_wconf 89' lang='lat' dir='ltr'><strong>ego</strong></span> <span class='ocrx_word' id='word_1_169' title='bbox 713 1823 988 1889; x_wconf 86' lang='lat' dir='ltr'><strong>contendo,</strong></span> <span class='ocrx_word' id='word_1_170' title='bbox 1017 1841 1184 1893; x_wconf 88' lang='lat' dir='ltr'><strong>quum</strong></span> <span class='ocrx_word' id='word_1_171' title='bbox 1219 1824 1290 1878; x_wconf 88' lang='lat' dir='ltr'><strong>ad</strong></span> <span class='ocrx_word' id='word_1_172' title='bbox 1325 1830 1575 1879; x_wconf 88' lang='lat' dir='ltr'><strong>naturam</strong></span> <span class='ocrx_word' id='word_1_173' title='bbox 1608 1826 1869 1883; x_wconf 87' lang='lat' dir='ltr'><strong>eximiam</strong></span> 
     </span>
     <span class='ocr_line' id='line_1_24' title="bbox 269 1905 1869 1976; baseline 0.003 -18"><span class='ocrx_word' id='word_1_174' title='bbox 269 1911 431 1976; x_wconf 89' lang='lat' dir='ltr'><strong>atque</strong></span> <span class='ocrx_word' id='word_1_175' title='bbox 478 1905 739 1961; x_wconf 88' lang='lat' dir='ltr'><strong>illustrem</strong></span> <span class='ocrx_word' id='word_1_176' title='bbox 777 1905 1057 1959; x_wconf 85' lang='lat' dir='ltr'><strong>accesserit</strong></span> <span class='ocrx_word' id='word_1_177' title='bbox 1102 1905 1241 1958; x_wconf 88' lang='lat' dir='ltr'><strong>ratio</strong></span> <span class='ocrx_word' id='word_1_178' title='bbox 1284 1905 1527 1975; x_wconf 83' lang='lat' dir='ltr'><strong>quaedam</strong></span> <span class='ocrx_word' id='word_1_179' title='bbox 1562 1906 1869 1962; x_wconf 81' lang='lat' dir='ltr'><strong>‘conforma-</strong></span> 
     </span>
     <span class='ocr_line' id='line_1_25' title="bbox 269 1981 1870 2053; baseline 0.003 -18"><span class='ocrx_word' id='word_1_180' title='bbox 269 1984 450 2053; x_wconf 85' lang='lat' dir='ltr'><strong>tioque</strong></span> <span class='ocrx_word' id='word_1_181' title='bbox 480 1984 745 2048; x_wconf 82' lang='lat' dir='ltr'><strong>doctrinae,</strong></span> <span class='ocrx_word' id='word_1_182' title='bbox 772 1984 892 2037; x_wconf 87' lang='lat' dir='ltr'><strong>tum</strong></span> <span class='ocrx_word' id='word_1_183' title='bbox 922 1981 1061 2035; x_wconf 89' lang='lat' dir='ltr'><strong>illud</strong></span> <span class='ocrx_word' id='word_1_184' title='bbox 1092 1982 1270 2035; x_wconf 90' lang='lat' dir='ltr'><strong>nescio</strong></span> <span class='ocrx_word' id='word_1_185' title='bbox 1305 1982 1438 2052; x_wconf 91' lang='lat' dir='ltr'><strong>quid</strong></span> <span class='ocrx_word' id='word_1_186' title='bbox 1462 1982 1777 2053; x_wconf 75' lang='lat' dir='ltr'><strong>praeclarum</strong></span> <span class='ocrx_word' id='word_1_187' title='bbox 1799 2002 1870 2040; x_wconf 80' lang='lat' dir='ltr'><strong>ac</strong></span> 
     </span>
    </p>

    <p class='ocr_par' dir='ltr' id='par_1_4' title="bbox 197 2058 1872 2748">
     <span class='ocr_line' id='line_1_26' title="bbox 197 2058 1868 2129; baseline 0.003 -17"><span class='ocrx_word' id='word_1_188' title='bbox 197 2072 254 2120; x_wconf 80' lang='lat'><strong>16</strong></span> <span class='ocrx_word' id='word_1_189' title='bbox 270 2060 534 2129; x_wconf 86' lang='lat' dir='ltr'><strong>singulare</strong></span> <span class='ocrx_word' id='word_1_190' title='bbox 558 2059 719 2114; x_wconf 88' lang='lat' dir='ltr'><strong>solere</strong></span> <span class='ocrx_word' id='word_1_191' title='bbox 743 2058 1010 2114; x_wconf 84' lang='lat' dir='ltr'><strong>exsistere.</strong></span> <span class='ocrx_word' id='word_1_192' title='bbox 1086 2058 1173 2112; x_wconf 89' lang='lat' dir='ltr'><strong>Ex</strong></span> <span class='ocrx_word' id='word_1_193' title='bbox 1196 2058 1296 2112; x_wconf 87' lang='lat' dir='ltr'><strong>hoc</strong></span> <span class='ocrx_word' id='word_1_194' title='bbox 1321 2076 1431 2113; x_wconf 88' lang='lat' dir='ltr'><strong>esse</strong></span> <span class='ocrx_word' id='word_1_195' title='bbox 1455 2059 1600 2113; x_wconf 87' lang='lat' dir='ltr'><strong>hunc</strong></span> <span class='ocrx_word' id='word_1_196' title='bbox 1623 2078 1868 2128; x_wconf 83' lang='lat' dir='ltr'><strong>numere,</strong></span> 
     </span>
     <span class='ocr_line' id='line_1_27' title="bbox 271 2135 1869 2207; baseline 0.001 -17"><span class='ocrx_word' id='word_1_197' title='bbox 271 2155 430 2207; x_wconf 91' lang='lat' dir='ltr'><strong>quem</strong></span> <span class='ocrx_word' id='word_1_198' title='bbox 489 2146 666 2207; x_wconf 88' lang='lat' dir='ltr'><strong>patres</strong></span> <span class='ocrx_word' id='word_1_199' title='bbox 724 2135 892 2190; x_wconf 87' lang='lat' dir='ltr'><strong>nostri</strong></span> <span class='ocrx_word' id='word_1_200' title='bbox 947 2136 1213 2202; x_wconf 83' lang='lat' dir='ltr'><strong>viderunt,</strong></span> <span class='ocrx_word' id='word_1_201' title='bbox 1277 2136 1521 2190; x_wconf 84' lang='lat' dir='ltr'><strong>divinum</strong></span> <span class='ocrx_word' id='word_1_202' title='bbox 1578 2138 1869 2207; x_wconf 86' lang='lat' dir='ltr'><strong>hominem,</strong></span> 
     </span>
     <span class='ocr_line' id='line_1_28' title="bbox 268 2211 1869 2283; baseline 0.001 -14"><span class='ocrx_word' id='word_1_203' title='bbox 268 2215 622 2280; x_wconf 87' lang='lat' dir='ltr'><strong>Africanum;</strong></span> <span class='ocrx_word' id='word_1_204' title='bbox 670 2232 739 2267; x_wconf 86' lang='lat' dir='ltr'><strong>ex</strong></span> <span class='ocrx_word' id='word_1_205' title='bbox 785 2213 886 2268; x_wconf 88' lang='lat' dir='ltr'><strong>hoc</strong></span> <span class='ocrx_word' id='word_1_206' title='bbox 927 2211 990 2268; x_wconf 85' lang='lat' dir='ltr'><strong>C.</strong></span> <span class='ocrx_word' id='word_1_207' title='bbox 1016 2214 1254 2283; x_wconf 57' lang='lat' dir='ltr'><strong>Laelium,</strong></span> <span class='ocrx_word' id='word_1_208' title='bbox 1294 2212 1365 2269; x_wconf 87' lang='lat' dir='ltr'><strong>L.</strong></span> <span class='ocrx_word' id='word_1_209' title='bbox 1388 2213 1623 2282; x_wconf 86' lang='lat' dir='ltr'><strong>Furium,</strong></span> <span class='ocrx_word' id='word_1_210' title='bbox 1659 2216 1869 2271; x_wconf 86' lang='lat' dir='ltr'><strong>moder·</strong></span> 
     </span>
     <span class='ocr_line' id='line_1_29' title="bbox 269 2291 1867 2358; baseline 0.001 -12"><span class='ocrx_word' id='word_1_211' title='bbox 269 2292 531 2346; x_wconf 89' lang='lat' dir='ltr'><strong>atissimos</strong></span> <span class='ocrx_word' id='word_1_212' title='bbox 568 2291 806 2345; x_wconf 90' lang='lat' dir='ltr'><strong>homines</strong></span> <span class='ocrx_word' id='word_1_213' title='bbox 841 2293 895 2345; x_wconf 91' lang='lat' dir='ltr'><strong>et</strong></span> <span class='ocrx_word' id='word_1_214' title='bbox 931 2291 1452 2358; x_wconf 89' lang='lat' dir='ltr'><strong>continentissimos;</strong></span> <span class='ocrx_word' id='word_1_215' title='bbox 1497 2310 1566 2346; x_wconf 89' lang='lat' dir='ltr'><strong>ex</strong></span> <span class='ocrx_word' id='word_1_216' title='bbox 1607 2293 1707 2347; x_wconf 91' lang='lat' dir='ltr'><strong>hoc</strong></span> <span class='ocrx_word' id='word_1_217' title='bbox 1754 2293 1867 2348; x_wconf 89' lang='lat' dir='ltr'><strong>for-</strong></span> 
     </span>
     <span class='ocr_line' id='line_1_30' title="bbox 271 2368 1867 2438; baseline 0.002 -15"><span class='ocrx_word' id='word_1_218' title='bbox 271 2369 536 2423; x_wconf 85' lang='lat' dir='ltr'><strong>tissimum</strong></span> <span class='ocrx_word' id='word_1_219' title='bbox 570 2369 745 2422; x_wconf 85' lang='lat' dir='ltr'><strong>virum</strong></span> <span class='ocrx_word' id='word_1_220' title='bbox 781 2373 836 2422; x_wconf 89' lang='lat' dir='ltr'><strong>et</strong></span> <span class='ocrx_word' id='word_1_221' title='bbox 869 2368 977 2421; x_wconf 88' lang='lat' dir='ltr'><strong>illis</strong></span> <span class='ocrx_word' id='word_1_222' title='bbox 1014 2368 1338 2438; x_wconf 87' lang='lat' dir='ltr'><strong>temporibus</strong></span> <span class='ocrx_word' id='word_1_223' title='bbox 1374 2368 1753 2436; x_wconf 87' lang='lat' dir='ltr'><strong>doctissimum,</strong></span> <span class='ocrx_word' id='word_1_224' title='bbox 1777 2369 1867 2427; x_wconf 89' lang='lat' dir='ltr'><strong>M.</strong></span> 
     </span>
     <span class='ocr_line' id='line_1_31' title="bbox 272 2444 1869 2518; baseline 0.001 -18"><span class='ocrx_word' id='word_1_225' title='bbox 272 2445 528 2500; x_wconf 86' lang='lat' dir='ltr'><strong>Catonem</strong></span> <span class='ocrx_word' id='word_1_226' title='bbox 551 2444 704 2500; x_wconf 91' lang='lat' dir='ltr'><strong>illum</strong></span> <span class='ocrx_word' id='word_1_227' title='bbox 728 2462 934 2500; x_wconf 73' lang='lat' dir='ltr'><strong>senemz</strong></span> <span class='ocrx_word' id='word_1_228' title='bbox 972 2446 1068 2514; x_wconf 89' lang='lat' dir='ltr'><strong>qui</strong></span> <span class='ocrx_word' id='word_1_229' title='bbox 1093 2446 1342 2514; x_wconf 88' lang='lat' dir='ltr'><strong>profecto,</strong></span> <span class='ocrx_word' id='word_1_230' title='bbox 1370 2446 1415 2500; x_wconf 89' lang='lat' dir='ltr'><strong>si</strong></span> <span class='ocrx_word' id='word_1_231' title='bbox 1437 2446 1575 2500; x_wconf 88' lang='lat' dir='ltr'><strong>nihil</strong></span> <span class='ocrx_word' id='word_1_232' title='bbox 1598 2448 1669 2501; x_wconf 91' lang='lat' dir='ltr'><strong>ad</strong></span> <span class='ocrx_word' id='word_1_233' title='bbox 1691 2448 1869 2518; x_wconf 79' lang='lat' dir='ltr'><strong>perci-</strong></span> 
     </span>
     <span class='ocr_line' id='line_1_32' title="bbox 270 2523 1865 2594; baseline 0.003 -19"><span class='ocrx_word' id='word_1_234' title='bbox 270 2523 522 2592; x_wconf 90' lang='lat' dir='ltr'><strong>piendam</strong></span> <span class='ocrx_word' id='word_1_235' title='bbox 545 2524 925 2592; x_wconf 86' lang='lat' dir='ltr'><strong>colendamque</strong></span> <span class='ocrx_word' id='word_1_236' title='bbox 949 2523 1206 2576; x_wconf 80' lang='lat' dir='ltr'><strong>virtutem</strong></span> <span class='ocrx_word' id='word_1_237' title='bbox 1236 2523 1430 2578; x_wconf 87' lang='lat' dir='ltr'><strong>litteris</strong></span> <span class='ocrx_word' id='word_1_238' title='bbox 1461 2525 1865 2594; x_wconf 83' lang='lat' dir='ltr'><strong>adjuvarentur,</strong></span> 
     </span>
     <span class='ocr_line' id='line_1_33' title="bbox 273 2600 1869 2669; baseline 0.003 -16"><span class='ocrx_word' id='word_1_239' title='bbox 273 2616 570 2669; x_wconf 87' lang='lat' dir='ltr'><strong>numquam</strong></span> <span class='ocrx_word' id='word_1_240' title='bbox 594 2618 647 2654; x_wconf 90' lang='lat' dir='ltr'><strong>se</strong></span> <span class='ocrx_word' id='word_1_241' title='bbox 670 2601 741 2655; x_wconf 88' lang='lat' dir='ltr'><strong>ad</strong></span> <span class='ocrx_word' id='word_1_242' title='bbox 759 2617 943 2654; x_wconf 84' lang='lat' dir='ltr'><strong>earum</strong></span> <span class='ocrx_word' id='word_1_243' title='bbox 965 2600 1207 2653; x_wconf 89' lang='lat' dir='ltr'><strong>studium</strong></span> <span class='ocrx_word' id='word_1_244' title='bbox 1221 2600 1583 2657; x_wconf 87' lang='lat' dir='ltr'><strong>contulissent.</strong></span> <span class='ocrx_word' id='word_1_245' title='bbox 1635 2602 1791 2669; x_wconf 85' lang='lat' dir='ltr'><strong>Quod</strong></span> <span class='ocrx_word' id='word_1_246' title='bbox 1817 2605 1869 2659; x_wconf 87' lang='lat' dir='ltr'><strong>si</strong></span> 
     </span>
     <span class='ocr_line' id='line_1_34' title="bbox 270 2676 1872 2748; baseline 0.004 -18"><span class='ocrx_word' id='word_1_247' title='bbox 270 2693 379 2731; x_wconf 91' lang='lat' dir='ltr'><strong>non</strong></span> <span class='ocrx_word' id='word_1_248' title='bbox 402 2676 490 2732; x_wconf 87' lang='lat' dir='ltr'><strong>hic</strong></span> <span class='ocrx_word' id='word_1_249' title='bbox 514 2683 697 2735; x_wconf 80' lang='lat' dir='ltr'><strong>tantus</strong></span> <span class='ocrx_word' id='word_1_250' title='bbox 732 2678 939 2734; x_wconf 73' lang='lat' dir='ltr'><strong>fxuctus</strong></span> <span class='ocrx_word' id='word_1_251' title='bbox 975 2678 1353 2748; x_wconf 86' lang='lat' dir='ltr'><strong>ostenderetur,</strong></span> <span class='ocrx_word' id='word_1_252' title='bbox 1378 2684 1434 2735; x_wconf 85' lang='lat' dir='ltr'><strong>et</strong></span> <span class='ocrx_word' id='word_1_253' title='bbox 1456 2680 1503 2734; x_wconf 87' lang='lat' dir='ltr'><strong>si</strong></span> <span class='ocrx_word' id='word_1_254' title='bbox 1537 2698 1607 2735; x_wconf 86' lang='lat' dir='ltr'><strong>ex</strong></span> <span class='ocrx_word' id='word_1_255' title='bbox 1640 2680 1726 2736; x_wconf 81' lang='lat' dir='ltr'><strong>his</strong></span> <span class='ocrx_word' id='word_1_256' title='bbox 1754 2685 1872 2736; x_wconf 87' lang='lat' dir='ltr'><strong>stu-</strong></span> 
     </span>
    </p>
   </div>
  </div>
 </body>
</html>
