2020 3027
475 131 616 187 PRO
649 128 932 188 ARCHIA
967 128 1218 186 POETA.
1290 130 1440 186 eAP.
1469 128 1613 185 1-3.
1773 131 1837 187 59

239 283 360 336 quae
405 266 475 321 ad
521 266 912 322 humanitatem
969 267 1258 338 pertinent,
1304 264 1506 321 habent
1566 264 1834 336 quoddam

240 362 518 398 commune
542 345 836 412 vinculum,
855 351 910 400 et
934 345 1088 416 quasi
1107 344 1422 416 cognatione
1440 343 1672 417 quadam
1694 343 1835 395 inter

239 440 295 477 se
327 423 681 478 continentur.
755 424 829 480 11.
867 424 970 479 Sed
1006 442 1075 479 ne
1111 425 1200 479 cui
1223 428 1460 480 vestrum
1496 422 1693 479 mirum
1724 437 1835 475 esse
1848 425 1878 472 3

239 500 498 571 videatur,
516 519 602 556 me
625 503 684 555 in
707 503 999 573 quaestione
1025 502 1269 569 legitima.
1292 507 1348 557 et
1378 501 1438 555 in
1462 499 1669 570 judicio
1701 497 1839 569 pub-

239 578 357 644 lico,
399 597 567 649 quum
605 572 687 633 ἓῖἔὲ
729 568 929 650 εἶςόζιιιιῗ
954 570 1100 650 apud
1132 585 1409 650 praetorem
1429 577 1619 663 populi
1644 576 1837 653 Roma-

240 655 313 721 ni,
350 655 696 711 lectissimum
730 659 919 722 virum,
958 663 1014 711 et
1048 656 1195 726 apud
1232 644 1583 712 severissimos
1610 638 1837 724 judices]

240 736 394 787 tanto
411 740 678 791 conventu
695 734 972 789 hominum
995 752 1058 789 ac
1076 734 1395 806 frequentia,
1412 732 1515 788 hoc
1537 733 1622 786 uti
1645 747 1841 800 genere

243 811 472 876 dicendi,
504 812 646 882 quod
682 829 791 866 non
824 812 981 890 modo
1017 827 1052 866 a
1087 810 1468 867 consuetudine
1495 808 1836 879 judiciorum,

243 905 427 942 verum
461 890 625 944 etiam
658 907 692 944 a
738 886 934 944 fore‘x‘isi
975 905 1213 944 sermone
1252 888 1548 953 abhorreat,
1585 903 1763 958 quaeso
1803 902 1838 940 a

243 965 405 1031 vobiS,
442 972 508 1021 ιιι
544 967 599 1021 in
637 967 738 1022 hac
774 967 1106 1045 gausmmihi
1142 965 1280 1028 detis
1316 966 1455 1021 hanc
1488 965 1715 1031 veniam,
1747 980 1835 1018 ac-

242 1044 629 1099 commodatam
661 1044 790 1099 huic
824 1033 941 1109 ’ὶόὃξ
952 1041 956 1044 ⁴
978 1042 1141 1109 vobis,
1180 1043 1630 1115 quemadmodum
1666 1058 1835 1112 spero,

239 1138 350 1176 non
371 1122 664 1189 molestam,
685 1126 750 1175 ut
784 1140 885 1191 me,
910 1139 1004 1192 pro
1040 1138 1247 1179 summo
1284 1127 1440 1192 poeta
1473 1126 1637 1191 atque
1659 1119 1836 1174 erudi·

241 1200 445 1256 tissime
469 1198 682 1253 homine
713 1199 993 1266 dicentem,
1018 1200 1119 1253 hoc
1152 1214 1413 1259 concursu
1443 1197 1720 1252 hominum
1746 1196 1836 1249 lit·

240 1277 695 1342 teratissimorum,
732 1276 834 1330 hac
869 1282 1045 1332 vestra
1080 1276 1441 1345 humanitate,
1470 1276 1570 1330 hoc
1607 1275 1836 1344 denique

242 1360 465 1424 praetore
488 1365 759 1409 exercente
784 1354 1068 1424 judicium,
1093 1355 1376 1426 patiamini
1412 1354 1479 1411 dc
1514 1352 1705 1409 studiis
1738 1352 1837 1404 hu-

240 1432 517 1486 manitatis
553 1432 949 1503 acffilitterarum
986 1432 1171 1503 paullo
1211 1432 1360 1503 loqui
1401 1431 1635 1496 liberius,
1680 1435 1735 1485 et
1776 1429 1837 1483 in

241 1510 502 1580 ejusmodi
548 1500 781 1583 per‘sdna,
826 1527 962 1581 quae,
1005 1516 1220 1582 propter
1260 1510 1431 1566 otium
1472 1526 1535 1565 ac
1574 1508 1833 1574 studium,

240 1589 463 1644 minime
484 1589 544 1642 in
561 1588 780 1658 judiciis
816 1586 1167 1659 periculisque
1191 1592 1421 1644 metata
1443 1592 1540 1654 est,
1566 1586 1650 1645 uti
1673 1603 1836 1657 prope

241 1683 378 1720 novo
421 1666 647 1738 quodam
682 1672 736 1720 et
772 1665 1030 1721 inusitato
1066 1683 1257 1736 genere
1292 1664 1519 1722 dicendi.
1593 1664 1749 1730 Quod
1789 1664 1836 1719 si
1849 1672 1884 1720 4

242 1744 378 1797 mihi
401 1762 435 1799 a
457 1744 604 1799 vobis
627 1743 792 1798 tribui
816 1743 1135 1815 concedique
1159 1743 1399 1809 sentiam,
1426 1741 1697 1815 perficiam
1720 1760 1836 1813 pro-

242 1822 397 1888 fecto,
424 1826 488 1875 ut
521 1822 666 1876 hunc
689 1822 754 1876 A.
781 1820 1048 1894 Licinium
1082 1837 1191 1876 non
1224 1821 1380 1876 modo
1407 1831 1524 1876 'non
1560 1837 1836 1891 segregan-

243 1900 389 1968 dum,
413 1917 582 1971 quum
614 1900 684 1953 sit
719 1899 866 1968 eiviS,
889 1893 927 1953 a
951 1916 1170 1955 numero
1195 1899 1409 1969 civium,
1435 1916 1620 1955 verum
1656 1899 1836 1967 etiam,

243 1977 289 2030 si
312 1994 420 2031 non
444 1981 593 2044 esset,
618 1976 819 2047 putetis
843 1976 1207 2030 asciscendum
1229 1972 1409 2032 fuisse.
1783 1988 1877 2054 32«
1937 1993 1946 2030 ἰ

315 2054 419 2109 ΠΙ.
454 2054 599 2110 Nam
622 2059 686 2107 ut
704 2054 938 2124 primum
960 2072 1029 2109 ex
1053 2055 1230 2125 pueris
1254 2055 1479 2110 excessit
1496 2053 1732 2120 Archiae,
1754 2060 1882 2124 ιιι-,ἠ
1905 2057 1926 2088 “·’

243 2149 347 2201 que
371 2130 439 2185 ab
463 2132 528 2185 iis
551 2131 771 2199 artibus,
795 2130 990 2200 quibus
1015 2138 1144 2189 aetas
1178 2132 1398 2202 puerilis
1430 2132 1499 2187 ad
1531 2132 1836 2186 humanita-
1915 2129 1923 2142 '

243 2216 356 2262 tem
377 2208 651 2266 informari
675 2209 822 2274 solet,
851 2226 905 2263 se
926 2209 998 2263 ad
1022 2209 1285 2267 scribendi
1308 2201 1550 2263 studium
1573 2210 1834 2264 contulitx

242 2286 477 2357 primum
500 2286 798 2341 Antiochiae
823 2289 973 2357 (nam
994 2286 1073 2341 ibi
1105 2292 1272 2341 natue
1288 2292 1381 2352 est,
1408 2266 1728 2352 liiiifflnobssi,
1754 2305 1836 2342 ce-

241 2365 377 2418 lebri
400 2364 668 2436 quondam
688 2364 821 2428 urbe
845 2370 900 2418 et
925 2365 1133 2435 copiosa
1164 2371 1326 2436 atque
1349 2365 1719 2422 eruditissimis
1741 2365 1835 2420 ho—

243 2440 479 2495 minibus
512 2439 996 2511 liberalissimisque
1038 2441 1230 2497 studiis
1272 2442 1552 2513 affluenti)
1597 2442 1835 2499 celeriter

242 2519 294 2573 ei
329 2518 641 2574 antecellere
672 2518 915 2572 omnibus
950 2518 1154 2587 ingenii
1189 2519 1357 2589 gloria
1391 2520 1632 2591 contigit.
1704 2520 1836 2575 Post

241 2597 303 2650 in
339 2596 523 2653 ceteris
558 2595 701 2650 Asiae
736 2595 976 2666 partibus
1019 2602 1316 2668 cunctaque
1354 2597 1557 2653 Graecia
1600 2599 1677 2653 sic
1720 2601 1834 2668 ejus

241 2674 506 2729 adventus
529 2672 945 2743 celebrabantur,
970 2678 1034 2729 ut
1057 2674 1255 2730 famam
1281 2676 1485 2744 ingenii
1508 2676 1834 2746 exspectatio

242 2751 490 2824 hominis,
527 2751 974 2826 exspectationem
1021 2751 1191 2823 ipsius
1231 2751 1492 2810 adventus
1532 2752 1832 2813 admiratio-
