2020 3027
449 87 592 139 PRO
625 87 908 140 ARCHIA
937 88 1189 141 POETA.
1255 89 1409 142 cAP.
1431 90 1478 153 7,
1499 93 1545 144 8.
1738 88 1808 142 65

218 221 321 279 diis
353 224 634 281 delectatio
666 224 779 282 sola
809 229 1097 298 peteretur,
1121 229 1319 294 tamen,
1342 229 1410 280 ut
1442 225 1645 297 opinor,
1670 223 1814 283 hanc

215 302 384 357 animi
416 304 776 360 adversionem
809 304 1251 360 humanissimam
1284 321 1349 360 ac
1389 302 1813 359 liberalissimam

210 380 537 450 judicaretis,
609 381 751 437 Nam
786 387 974 438 ceterae
1008 400 1183 452 neque
1214 387 1514 451 temporum
1546 386 1691 446 sunt,
1716 399 1813 436 ne-

215 474 319 528 que
366 464 597 513 aetatum
639 460 879 514 omnium
933 477 1106 531 neque
1152 459 1423 524 locorum·
1471 458 1587 513 haec
1632 459 1813 513 studia

213 535 622 592 adolescentiam
656 544 844 608 agunt,
878 543 1209 592 senectutem
1244 535 1527 604 oblectant,
1550 536 1811 592 secundas

212 628 297 665 res
320 619 526 682 emant,
551 614 786 670 adversis
814 615 1124 684 perfugium
1155 632 1219 669 ac
1252 613 1501 679 solatium
1533 592 1813 683 proe'bbnt,

214 689 481 745 delectant
516 691 676 757 domi,
707 709 817 747 non
849 691 1153 762 impediunt
1189 691 1333 757 foris,
1367 693 1683 769 pernoctant
1715 706 1811 746 no·

213 765 434 831 biscum,
457 770 879 839 peregrinantur,
901 770 1251 824 rusticantur.

285 842 440 909 Quod
461 846 508 900 si
533 847 634 917 ipsi
656 847 769 902 hoec
791 864 962 918 neque
976 846 1241 916 attingere
1258 862 1432 917 neque
1453 862 1612 901 sensu
1626 849 1810 903 nostro
1825 843 1888 900 rt

211 928 427 989 gustare
459 941 744 994 possemus,
763 929 945 979 tamen
976 941 1042 980 ea
1076 924 1260 978 mirari
1295 923 1619 990 deberemus,
1644 924 1810 980 etiam

214 1014 384 1067 quum
418 1000 478 1054 in
512 999 631 1056 aliis
666 1002 979 1056 videremus.
1048 999 1215 1056 VIII.
1254 1000 1385 1067 Quis
1419 1005 1663 1055 nostrum
1694 1005 1811 1057 tam

210 1077 388 1131 animo
429 1079 626 1148 agresti
666 1096 730 1134 ac
769 1080 903 1133 duro
941 1078 1067 1144 fuit,
1112 1084 1178 1133 ut
1217 1078 1397 1135 Roscii
1432 1083 1604 1133 morte
1636 1095 1809 1150 nuper

210 1170 320 1208 non
353 1155 806 1211 commoveretur?
843 1156 940 1226 qui
974 1173 1140 1227 quum
1176 1159 1314 1210 esset
1348 1171 1509 1208 senex
1549 1162 1809 1225 mortuus,

209 1237 390 1286 tamen
412 1239 627 1304 propter
648 1234 995 1289 excellentem
1018 1239 1189 1288 artem
1212 1249 1277 1287 ac
1300 1238 1638 1287 venustatem
1660 1232 1809 1288 vide-

208 1306 369 1363 batur
403 1312 617 1365 omnino
641 1311 908 1365 morinen
933 1311 1192 1365 debuisse.
1264 1309 1408 1379 Ergo
1448 1309 1541 1365 ille
1576 1312 1807 1381 corporis

206 1392 360 1442 motu
394 1393 608 1443 tantum
642 1406 873 1444 amorem
908 1388 1010 1443 sibi
1043 1389 1355 1444 conciliarat
1384 1406 1420 1443 a
1453 1387 1605 1442 nobis
1637 1390 1809 1443 omni·-

206 1462 322 1536 bus,
346 1482 441 1520 nos
468 1466 768 1521 animorum
797 1466 1132 1524 incredibiles
1162 1475 1339 1522 motus
1374 1466 1806 1539 celeritatemque

205 1542 542 1612 ingeniorum
564 1545 894 1635 negligemus
916 1544 938 1598 Ἰ
1012 1543 1228 1610 Quoties
1260 1561 1389 1635 ego·
1382 1545 1528 1598 hunc
1549 1544 1805 1636 Archiam
1822 1546 1885 1599 18

203 1716 291 1753 me
314 1699 372 1752 in
395 1699 495 1754 hoc
529 1717 665 1754 novo
700 1716 891 1769 genere
915 1699 1130 1753 dicendi
1164 1703 1278 1753 tam
1313 1661 1597 1768 diligenter
1631 1705 1805 1755 atten-

204 1776 371 1845 ditis,)
410 1778 616 1847 quoties
657 1795 755 1847 ego
800 1777 948 1832 hunc
986 1778 1115 1845 vidi,
1153 1794 1322 1847 quum
1362 1776 1601 1831 litteram
1642 1777 1804 1849 scrip-

203 1853 357 1908 sisset
402 1855 623 1920 nullam,
671 1872 929 1925 magnum
975 1872 1261 1908 numerum
1307 1854 1631 1924 optimorum
1680 1873 1802 1910 ver-

202 1947 361 1985 suum
395 1931 461 1986 de
497 1931 581 1985 his
615 1933 744 2003 ipsis
776 1932 950 2002 rebus,
982 1949 1103 2002 quae
1139 1938 1260 1987 tum
1293 1938 1592 2002 agerentur,
1625 1932 1800 1989 dicere

201 2025 273 2062 ex
307 2010 577 2079 tempore!
615 2010 820 2078 quoties
842 2016 1150 2065 revocatum
1185 2009 1424 2063 eamdem
1456 2027 1571 2066 rem
1606 2010 1797 2077 dicere,

200 2087 541 2140 commutatis
576 2086 748 2140 verbis
789 2091 950 2157 atque
991 2088 1302 2142 sententiis!
1378 2086 1507 2153 Quae
1548 2104 1671 2142 vero
1710 2105 1799 2142 ac-

200 2169 385 2218 curate
420 2164 755 2233 cogitateque
789 2165 1096 2234 scripsisset,
1132 2181 1194 2217 ea
1228 2164 1305 2218 sic
1336 2164 1449 2218 vidi
1484 2163 1706 2234 probari,
1731 2170 1797 2219 ut

198 2240 270 2296 ad
313 2248 551 2296 veterum
569 2243 916 2338 scriptorum
937 2242 1153 2296 laudem
1199 2243 1553 2313 pervenirent.
1628 2244 1795 2299 Hunc

197 2336 297 2389 ego
337 2336 447 2373 non
487 2297 749 2389 diligam?
785 2336 895 2373 non
934 2319 1208 2374 admirer?
1243 2337 1354 2374 non
1401 2322 1547 2374 omni
1585 2322 1795 2376 ratione

198 2395 593 2450 defendendum
614 2403 802 2467 putem
820 2396 842 2452 ’ἱ
899 2398 1072 2467 Atqui
1095 2398 1172 2452 sic
1193 2414 1229 2451 a
1252 2398 1472 2452 summis
1489 2398 1795 2452 hominibus

197 2473 675 2545 eruditissimisque
713 2475 1029 2545 accepimus,
1068 2480 1363 2562 ceterarum
1398 2492 1576 2529 rerum
1611 2476 1793 2530 studia

194 2555 255 2605 et
278 2549 518 2606 doctrina
551 2559 608 2606 et
641 2554 917 2623 praeceptis
950 2558 1006 2608 et
1034 2558 1149 2608 arte
1181 2529 1447 2618 constare,
1455 2545 1685 2643 poetam·
1698 2571 1794 2607 na·

194 2634 322 2682 tura
343 2628 461 2697 ipsa
481 2628 656 2683 valere
686 2634 743 2684 et
764 2631 958 2684 mentis
981 2629 1185 2686 viribus
1212 2631 1438 2685 excitari
1460 2636 1515 2684 et
1538 2631 1689 2701 quasi
1713 2631 1791 2685 di-

195 2707 323 2761 vino
336 2706 568 2777 quodam
584 2707 778 2777 spiritu
799 2707 1013 2825 inflari-F
1054 2706 1229 2773 Quare
1246 2724 1342 2763 suo
1358 2709 1481 2776 jure
1496 2714 1675 2765 noster
1696 2707 1790 2767 iue
