2020 3027
442 155 584 205 PRO
622 152 905 203 ARCHIA
939 146 1186 204 POETA.
1242 151 1393 202 cAP.
1418 152 1570 210 9,10.
1723 148 1790 202 6⁸2

208 286 508 356 imperante,
534 284 783 351 Pontum,
811 288 866 339 et
896 284 1059 354 regiis
1088 282 1356 356 quondam
1389 280 1578 354 opibus
1611 285 1667 336 et
1689 281 1805 352 ipsa

207 373 395 417 natura
429 364 656 433 regionis
697 364 990 427 vallatum:
1031 363 1214 432 populi
1253 362 1477 415 Romani
1522 361 1803 428 exercitus,

209 443 382 495 eodem
412 442 561 509 duce,
585 442 952 519 nonvmaxima
981 458 1147 493 manu
1180 439 1595 493 innumerabiles
1621 439 1802 491 Arme·

210 521 414 572 niorum
449 520 626 589 copias
661 497 840 575 suffit:
876 518 1065 588 populi
1091 516 1315 571 Romani
1347 517 1465 570 laus
1502 522 1598 582 est,
1621 515 1806 570 urbem

209 595 575 649 amicissimam
612 595 1009 664 Cyzicenorum.
1028 595 1267 664 ejusdem
1303 592 1520 648 consilio
1556 610 1626 648 ex
1660 591 1807 645 omni

211 674 410 744 impetu
445 674 591 743 regio
617 692 679 728 ac
705 675 870 729 totius
906 673 1036 726 belli
1072 690 1161 726 ore
1196 690 1261 727 ac
1282 671 1531 725 faucibus
1568 678 1807 741 ereptam

211 769 314 805 esse
338 756 498 821 atque
532 756 823 804 servatam:
851 756 1044 879 §logya
1067 767 1275 818 semper
1309 751 1513 803 feretur
1537 753 1593 802 et
1616 748 1808 818 praedi-

211 829 427 896 cabitur,
453 829 512 883 L.
541 828 767 882 Lucullo
793 828 846 880 di
893 821 1097 896 '‘pa'fike,
1123 844 1248 880 cum
1271 826 1566 880 interfectis
1585 825 1809 878 ducibus
1833 884 1838 888 ⁶

211 906 449 977 depressa
491 907 724 958 hostium
768 905 965 970 classiS,
1004 910 1060 958 et
1094 905 1423 958 incredibilis
1466 904 1612 974 apud
1648 904 1811 957 Tene-

211 983 337 1037 dum
372 1001 555 1053 pugna
588 984 684 1037 illa
719 983 956 1036 navalis:
993 988 1177 1036 nostra
1212 988 1340 1036 sunt
1380 987 1595 1052 tropaea,
1630 987 1809 1036 nostra

210 1067 570 1125 monumenta,
608 1061 777 1113 nostri
812 1059 1093 1129 triumphi.
1169 1059 1358 1125 Quare,
1396 1077 1624 1128 quorum
1665 1060 1812 1128 inge-

211 1138 314 1199 niis
338 1139 454 1190 haec
479 1139 741 1203 feruntur,
765 1136 834 1190 ab
865 1137 931 1190 iis
955 1137 1142 1207 populi
1169 1137 1395 1190 Romani
1418 1137 1563 1190 fama
1586 1136 1813 1190 celebra·-

211 1221 313 1271 tur.
384 1213 552 1269 Carus
599 1215 707 1266 fuit
751 1215 1000 1268 Africano
1044 1215 1301 1284 superiori
1347 1221 1524 1268 noster
1570 1214 1778 1266 Ennius
1798 1219 1891 1266 :22

211 1293 393 1363 itaque
431 1294 595 1347 etiam
631 1292 690 1344 in
730 1290 965 1363 sepulcro
1010 1291 1321 1367 Scipionum
1361 1298 1587 1361 putatur
1621 1293 1667 1344 is
1704 1309 1814 1345 esse

211 1370 536 1423 constitutus
562 1387 590 1422 e
615 1386 893 1423 marmore.
965 1369 1042 1424 At
1076 1370 1143 1423 iis
1166 1370 1415 1423 laudibus
1441 1378 1579 1423 certe
1602 1386 1709 1424 non
1735 1386 1815 1423 so·

212 1447 324 1500 lum
348 1446 466 1518 ipsi,
492 1447 588 1517 qui
612 1447 918 1512 laudantur,
947 1445 1037 1500 sed
1068 1448 1229 1500 etiam
1256 1447 1441 1517 populi
1466 1445 1699 1500 Romani
1722 1463 1816 1500 no-

211 1543 334 1577 men
360 1534 598 1580 ornatur.
674 1525 740 1578 In
767 1524 957 1578 caelum
981 1526 1143 1595 hujus
1169 1543 1395 1595 proavus
1416 1524 1549 1579 Cato
1574 1526 1813 1581 tollitur:

211 1621 437 1672 magnus
462 1603 627 1655 honos
650 1603 836 1672 populi
858 1602 1084 1655 Romani
1106 1602 1262 1655 rebus
1287 1603 1619 1673 adjungitur.
1695 1604 1816 1657 Om-

212 1697 306 1733 nes
351 1681 580 1751 denique
619 1681 701 1733 illi
745 1680 990 1743 Maximi,
1030 1680 1292 1744 Marcelli,
1337 1680 1520 1733 Fulvii
1557 1697 1664 1732 non
1707 1682 1817 1735 sine

213 1758 487 1812 communi¹
500 1758 739 1810 omnium
758 1763 1001 1811 nostrum
1019 1758 1179 1811 laude
1198 1758 1527 1811 decorantur.
1577 1758 1643 1812 X.
1677 1757 1817 1827 Ergo

212 1836 382 1899 illum,
420 1835 511 1908 qui
553 1834 667 1888 haec
703 1836 914 1902 fecerat,
954 1834 1231 1888 Rudinum
1272 1835 1555 1900 hominem,
1593 1838 1816 1905 majores

213 1911 382 1965 nostri
404 1912 461 1968 in
480 1911 754 1964 civitatem
771 1917 1097 1981 receperunt,
1111 1929 1206 1964 nos
1225 1912 1371 1965 hunc
1391 1913 1814 1977 Heracleensem,

131 1988 151 1997 ⁶
215 1989 404 2041 multis
446 1989 752 2045 civitatibus
796 1991 1113 2058 expetitum,
1153 1990 1212 2041 in
1252 1988 1352 2043 hac
1388 1995 1569 2042 autem
1611 1991 1817 2061 legibus

215 2065 584 2129 constitutum,
613 2067 678 2118 de
702 2074 883 2119 nostra
905 2066 1126 2119 civitate
1152 2066 1422 2134 ejiciemus
1445 2066 1466 2121 2

285 2141 427 2196 Nam
475 2142 520 2194 si
568 2144 685 2212 quis
733 2145 991 2196 minorem
1033 2144 1220 2211 gloriae
1262 2146 1502 2197 fructum
1547 2149 1708 2214 putat
1750 2163 1817 2199 ex
1837 2157 1899 2204 23

215 2220 414 2273 Graecis
438 2220 673 2274 versibus
705 2221 922 2289 percipi,
947 2238 1111 2289 quam
1144 2238 1209 2274 ex
1235 2221 1842 2287 Latinis,‘vehementer‘

213 2304 373 2364 errat,
397 2303 674 2366 propterea
699 2298 840 2366 quod
869 2298 1049 2351 Graeca
1072 2297 1328 2365 leguntur
1358 2299 1415 2351 in
1441 2299 1685 2353 omnibus
1710 2302 1820 2356 fere

213 2371 481 2451 gentibue,
507 2374 699 2426 Latina
718 2375 826 2426 suis
844 2374 1055 2441 finibus,
1067 2376 1285 2441 'exiguis
1301 2392 1440 2439 sane,
1462 2377 1820 2431 continentur.

216 2453 395 2515 Quare
420 2450 463 2502 si
500 2469 581 2506 res
606 2468 694 2516 eae,
722 2469 856 2521 quas
879 2452 1152 2519 gessimus,
1178 2451 1318 2505 orbis
1341 2458 1493 2505 terrae
1512 2455 1819 2521 regionibus

213 2528 562 2593 definiuntur,
589 2546 782 2598 cupere
807 2528 1074 2595 debemus,
1100 2546 1203 2600 quo
1235 2547 1497 2582 manuum
1520 2538 1821 2587 nostrarum

212 2601 704 2734 teladpervenerint,
728 2606 912 2659 eodem
935 2606 1161 2674 gloriam
1194 2607 1495 2679 famamque
1527 2614 1819 2677 penetrare,

213 2700 327 2754 quo
403 2698 572 2751 quum
608 2684 735 2753 ipsis
765 2682 988 2753 populiS,
1017 2684 1081 2737 de
1114 2701 1339 2753 quorum
1371 2685 1529 2737 rebus
1560 2684 1820 2752 scribitur,

212 2762 336 2816 haec
377 2761 557 2833 ampla
600 2770 742 2827 sunt,
784 2768 903 2814 tum
951 2761 1021 2814 iis
1062 2768 1214 2829 certe,
1255 2763 1346 2834 qui
1387 2763 1452 2814 de
1489 2763 1602 2816 vita.
1639 2761 1812 2832 gloriae
