2020 3027
421 121 563 182 PRO
599 122 794 182 LEGE
829 124 1166 183 MANILIA.
1234 124 1382 182 CAP.
1423 127 1495 184 17.
1685 128 1751 185 23

172 259 362 332 dicam,
400 262 666 319 neminem
705 280 958 336 umquam
1003 268 1117 319 tam
1163 263 1529 334 impudentem
1576 263 1754 334 fuis-e,

169 343 265 412 qui
287 358 322 396 a
344 340 446 396 diis
480 343 866 397 immortalibus
897 349 979 397 tot
1010 349 1067 397 et
1100 346 1281 398 tantas
1313 359 1397 397 res
1430 341 1628 400 tacitus
1661 361 1756 400 au·

168 420 318 474 deret
340 427 536 490 optare,
563 427 693 491 quot
715 427 770 476 et
805 426 1031 492 quantas
1070 422 1147 475 dii
1189 420 1509 477 immortales
1548 420 1619 474 ad
1659 420 1753 476 On.

167 496 482 567 Pompeium
506 499 825 554 detulerunt.
892 498 1047 564 Quod
1069 505 1134 552 ut
1157 499 1240 552 illi
1264 499 1535 568 proprium
1557 514 1620 554 ac
1643 515 1757 568 per-

166 581 393 645 petuum
429 577 513 640 sit,
555 576 798 645 Quirites,
823 594 987 648 quum
1030 577 1323 630 communis
1362 575 1547 631 salutis
1594 580 1755 647 atque

165 654 391 723 imperii,
414 659 534 707 tum
557 655 723 724 ipsius
746 655 974 709 hominis
998 673 1159 709 causa
1186 655 1371 726 (sicuti
1393 653 1591 724 facit-is)
1618 656 1755 711 velle

167 735 226 785 et
249 733 429 801 optare
452 732 666 787 debetis.
860 746 863 749 ’
1064 787 1087 806 ‚

242 808 414 875 Quare
436 825 603 880 quum
625 815 682 864 et
702 809 903 864 bellum
926 808 996 865 sit
1030 811 1109 866 ita
1142 810 1509 878 necessarium,
1532 813 1597 864 ut
1630 827 1757 880 neg·
1769 819 1834 870 49

164 885 268 954 ligi
311 904 421 940 non
465 887 644 957 possit,
693 888 772 943 ita
816 905 1088 958 magnum,
1135 893 1201 941 ut
1245 888 1638 943 accuratissime
1684 889 1755 943 sit

164 964 660 1034 administrandum,
699 971 754 1020 et
788 983 957 1037 quum
993 966 1045 1020 ei
1081 966 1451 1036 imperatorem
1492 964 1755 1035 praeficere

163 1042 393 1112 possitis,
432 1044 492 1096 in
532 1060 636 1115 quo
677 1043 748 1098 sit
789 1044 987 1098 eximia
1027 1043 1155 1101 belli
1192 1044 1427 1112 scientia,
1470 1042 1755 1112 singularis

164 1120 352 1185 virtus,
391 1120 680 1175 clarissima
713 1123 1015 1187 auctoritas,
1060 1121 1273 1191 egregia
1311 1122 1558 1176 fortuna:
1604 1118 1757 1175 dubi-

165 1198 366 1264 tabitis,
405 1197 651 1264 Quirites,
689 1198 822 1270 quin
857 1200 957 1253 hoc
998 1204 1213 1254 tantum
1247 1198 1387 1263 boni,
1427 1199 1570 1269 quod
1604 1196 1753 1253 vobis

165 1274 237 1330 ab
271 1275 373 1329 diis
406 1277 792 1332 immortalibus
828 1276 1067 1332 oblatum
1102 1282 1158 1331 et
1189 1275 1378 1330 datum
1408 1282 1503 1342 est,
1529 1277 1587 1330 in
1620 1293 1753 1329 rem-

165 1351 437 1423 publicam
471 1355 882 1408 conservandam
914 1360 1077 1424 atque
1112 1353 1543 1423 amplificandam
1578 1354 1753 1408 confe-

164 1429 338 1485 ratis?
408 1430 584 1486 XVII.
623 1431 776 1498 Quod
816 1433 863 1487 si
900 1431 1088 1487 Romae
1125 1433 1217 1486 On.
1253 1431 1536 1501 Pompeius
1577 1431 1753 1501 priva·
1767 1445 1834 1493 σο
1867 1470 1870 1471 ⁷

163 1511 257 1565 tus
329 1517 433 1565 sset
472 1511 573 1565 hoc
606 1517 856 1581 tempore,
891 1516 1075 1565 tamen
1109 1509 1180 1565 ad
1215 1515 1431 1564 tantum
1465 1508 1667 1564 bellum
1705 1508 1754 1563 is

151 1567 312 1641 ‘'effi''
345 1577 612 1657 eligendus
635 1596 797 1659 atque
818 1588 1130 1644 mittendus.
1188 1587 1362 1655 Nunc,
1387 1603 1556 1658 quum
1578 1588 1648 1641 ad
1672 1604 1754 1641 ce-

165 1671 308 1722 teras
331 1683 563 1721 summas
591 1666 855 1721 utilitates
886 1667 1002 1721 haec
1034 1682 1243 1737 quoque
1266 1665 1636 1735 opportunitas
1659 1664 1753 1719 ad-

161 1744 436 1813 jungatur,
460 1749 526 1798 ut
556 1744 614 1796 in
644 1744 711 1798 iis
745 1743 874 1813 ipsis
904 1744 1033 1798 locis
1056 1743 1211 1810 adsit,
1234 1748 1299 1796 ut
1330 1742 1525 1796 habeat
1554 1742 1753 1796 exerci-

165 1827 302 1885 tum,
340 1827 404 1875 ut
443 1822 510 1874 ab
550 1822 634 1912 iis,
677 1821 772 1891 qui
807 1820 1021 1887 habent,
1065 1821 1303 1890 accipere
1339 1820 1525 1874 statim
1565 1821 1750 1889 possit,

165 1899 298 1969 quid
323 1885 682 1969 exspebtamus
704 1900 725 1954 ’ἒ
760 1904 855 1953 aut
883 1916 979 1952 cur
1010 1915 1134 1964 non,
1158 1896 1381 1953 ducibus
1416 1898 1518 1951 diis
1541 1897 1752 1951 immor-

165 1976 380 2050 talibus,
406 1976 591 2042 eidem,
617 1977 707 2031 cui
741 1982 916 2031 cetera
949 1975 1155 2031 summa
1189 1992 1313 2029 cum
1343 1974 1514 2029 salute
1543 1974 1753 2045 reipub·

164 2054 285 2110 licae
308 2055 583 2110 commissa
616 2061 758 2121 sunt,
785 2055 886 2110 hoc
905 2071 1114 2126 quoque
1149 2053 1350 2109 bellum
1382 2053 1589 2123 regium
1610 2070 1751 2107 com·

164 2132 473 2188 mittimus?
606 2171 849 2206 ,wag-,u
922 2135 925 2136 ⁷

236 2209 312 2265 At
347 2211 490 2265 enim
520 2211 603 2265 vir
638 2210 968 2276 clarissimus,
991 2211 1389 2267 amantissimus
1422 2207 1745 2279 reipublioae,
1766 2220 1827 2269 51

165 2288 352 2344 vestris
400 2288 664 2343 beneficiis
720 2290 1060 2360 amplissimis
1107 2269 1343 2353 aff‘geffi,
1394 2287 1458 2354 Q.
1509 2285 1747 2353 Catulus,

164 2365 400 2438 itemque
435 2367 653 2421 summis
687 2368 1008 2422 ornamentis
1043 2366 1268 2432 honoriS,
1309 2367 1554 2431 fortunae,
1583 2365 1752 2419 virtu-

165 2445 253 2509 tis,
290 2442 493 2513 ingenii
526 2444 792 2514 praeditus,
833 2444 901 2504 Q.
926 2444 1258 2511 Hortensius,
1295 2444 1364 2500 ab
1405 2443 1506 2497 hac
1546 2443 1751 2496 ratione

166 2520 518 2576 dissentiunt:
560 2537 780 2592 quorum
813 2539 911 2591 ego
934 2524 1306 2577 auctoritatem
1329 2520 1473 2591 apud
1498 2537 1588 2573 vos
1611 2518 1751 2572 mul-

166 2599 238 2651 tis
278 2576 733 2667 JSSffimplurimum
770 2600 998 2653 valuisse
1040 2607 1095 2654 et
1133 2600 1308 2654 valere
1348 2602 1585 2667 oportere
1626 2613 1749 2649 con·

166 2676 332 2741 fiteor,
371 2675 461 2731 sed
503 2677 561 2730 in
608 2677 708 2730 hac
754 2694 928 2742 causa,
966 2678 1180 2731 tametsi
1214 2675 1527 2745 cognoscitis
1568 2680 1750 2727 aucto·

167 2754 351 2810 ritates
392 2754 677 2810 contradas
717 2754 949 2810 virorum
990 2755 1393 2810 fortissimorum
1433 2758 1490 2807 et
1526 2749 1748 2808 clarissi-
