2020 3027
377 101 518 156 PRO
554 102 746 154 LEGE
782 78 1114 155 mimam.
1187 103 1333 157 cAP.
1365 105 1543 168 ηπ.
1691 106 1755 158 31

168 235 260 295 uio
296 243 350 291 et
384 236 669 307 prudentia
703 238 992 309 proeditus3
1030 245 1108 294 est
1134 237 1231 293 Cn.
1260 237 1531 307 Lentulus,
1556 237 1615 292 in
1649 252 1753 309 quo

167 331 365 381 omnes,
404 332 498 385 pro
539 316 876 386 amplissimis
917 317 1105 371 vestris
1151 316 1451 384 honoribus,
1488 331 1755 370 summum

167 393 464 462 eonsilium,
489 410 752 448 summam
785 395 1105 464 gravitatem
1139 411 1250 448 esse
1284 394 1638 462 cognovistis3
1673 399 1755 448 est

168 468 228 523 G.
256 470 476 535 Cassius,
520 471 844 540 integritate,
880 472 1095 535 virtute,
1139 472 1440 526 constantia
1480 471 1753 541 singulari.

169 547 345 612 Quare
379 549 570 615 videte,
607 554 672 602 ut
705 549 895 603 horum
934 548 1343 604 auetoritatibus
1382 548 1598 602 illorum
1636 564 1756 602 ora-

168 625 316 690 tioni,
345 627 439 696 qui
461 626 796 693 dissentiunt,
822 627 1134 697 respondere
1155 644 1305 699 posse
1327 626 1616 681 videamur.

236 702 432 759 XXIV.
488 703 619 770 Quae
665 718 834 775 quum
878 704 959 759 ita
1003 704 1126 770 sint,
1177 703 1239 759 C.
1265 702 1475 772 Manili,
1522 703 1757 774 primum
1771 709 1835 759 69

167 780 327 836 istam
365 786 519 836 tuam
558 788 614 835 et
660 781 827 850 legem
873 782 929 837 et
968 781 1300 837 voluntatem
1342 786 1398 835 et
1438 781 1757 835 sententiam

165 856 327 912 laudo
350 857 913 929 vehementissimeque
945 857 1240 930 comprobo,
1268 858 1459 912 deinde
1481 863 1538 912 te
1560 858 1758 933 hortor,

166 941 231 990 ut
263 942 476 991 auctore
504 937 700 1007 populo
725 936 971 991 Romano
995 950 1209 992 maneas
1241 937 1302 990 in
1329 937 1593 991 senten-tia
1622 950 1757 991 neve

167 1018 483 1087 cujusquam
515 1017 626 1069 vim
659 1022 756 1070 aut
789 1016 964 1068 minas
998 1015 1350 1084 pertimescas,
1423 1015 1664 1068 Primum
1696 1016 1758 1070 in

168 1099 222 1147 te
247 1097 375 1147 satis
399 1111 509 1148 esse
532 1094 699 1147 animi
730 1093 1234 1164 perseverantiaeque
1256 1092 1480 1147 arbitror
1500 1112 1515 1158 ;
1550 1092 1757 1161 deinde,

166 1189 337 1242 quum
361 1178 569 1226 tantam
604 1172 1009 1226 multitudinem
1045 1188 1168 1224 cum
1202 1178 1354 1225 tanto
1377 1172 1555 1225 studio
1578 1171 1757 1226 adesse

167 1250 456 1313 videamus,
502 1254 760 1319 quantam
800 1266 946 1302 nune
985 1248 1180 1302 iterum
1220 1250 1279 1302 in
1322 1248 1504 1301 eodem
1543 1247 1758 1303 homine

166 1327 501 1396 praeficiendo
537 1327 814 1381 videmus:
851 1326 983 1397 quid
1020 1333 1114 1394 est,
1150 1326 1291 1397 quod
1327 1329 1425 1379 aut
1457 1325 1525 1380 de
1550 1343 1622 1390 re,
1659 1330 1758 1379 aut

169 1404 236 1459 de
261 1405 569 1474 perficiendi
586 1405 844 1460 facultate
867 1403 1215 1458 dubitemus?
1261 1404 1376 1473 Ego
1390 1408 1587 1468 autem,
1606 1403 1758 1473 quid-

166 1482 300 1554 quid
332 1484 392 1536 in
428 1500 514 1537 me
549 1488 647 1537 est-
665 1482 848 1547 studii,
877 1482 1102 1550 consilii,
1134 1481 1339 1549 laboris,
1363 1480 1580 1551 ingenii,
1603 1480 1758 1552 quid-

167 1561 298 1632 quid
321 1562 422 1615 hoc
443 1559 696 1615 beneficio
719 1560 904 1631 populi
927 1559 1161 1615 Romani
1183 1566 1345 1630 atque
1368 1560 1470 1614 hae
1491 1563 1756 1629 potestate

167 1639 428 1709 praetoria,
463 1639 728 1709 quidquid
769 1640 1105 1703 auctoritate,
1138 1637 1259 1705 fide,
1302 1637 1600 1691 constantia
1638 1653 1759 1706 pos-

167 1734 302 1785 sum,
326 1717 384 1770 id
420 1734 573 1769 omne
608 1715 676 1769 ad
711 1715 851 1769 hanc
884 1733 996 1769 rem
1033 1714 1411 1769 conficiendam
1444 1714 1546 1767 tibi
1579 1720 1635 1768 et
1667 1730 1757 1784 po-

168 1795 296 1864 pulo
337 1792 579 1847 Romano
621 1792 870 1862 polliceor
910 1810 973 1846 ae
1023 1792 1231 1847 desem:
1266 1797 1532 1861 testorque
1578 1807 1757 1845 omnes
1772 1792 1838 1847 70

167 1872 306 1940 deos,
331 1878 387 1925 et
421 1888 508 1925 eos
542 1871 789 1934 maxime,
829 1870 924 1939 qui
961 1870 1091 1924 huie
1130 1870 1244 1923 loco
1286 1870 1590 1939 temploque
1628 1886 1757 1939 prae-

167 1951 356 2018 sident,
381 1950 476 2036 qui
504 1949 742 2032 omgum
776 1953 978 2002 mentes
1014 1965 1212 2012 eorum,
1237 1948 1333 2018 qui
1369 1948 1439 2006 ad
1473 1945 1757 2017 rempubli-

167 2046 287 2081 cam
321 2017 803 2095 adeiitisswmaxime
840 2027 1182 2095 perspiciunt,
1221 2043 1305 2078 me
1341 2024 1441 2078 hoe
1474 2041 1645 2095 neque
1677 2042 1757 2079 ro-

166 2112 304 2175 gatu
336 2106 510 2159 facere
545 2105 874 2173 cujusquam,
906 2121 1079 2174 neque
1114 2122 1217 2174 quo
1252 2102 1348 2157 Cn.
1374 2101 1612 2172 Pompeii
1642 2119 1757 2170 gra-

168 2186 304 2238 tiam
337 2182 474 2235 mihi
505 2199 600 2251 per
631 2180 769 2234 hane
803 2198 1018 2236 causam
1049 2181 1318 2235 conciliari
1352 2185 1552 2250 putem,
1586 2196 1757 2249 neque

168 2278 276 2331 quo
324 2260 459 2313 mihi
507 2277 576 2312 ex
622 2260 938 2328 cujusquam
984 2258 1338 2327 amplitudine
1377 2264 1470 2311 aut
1516 2257 1758 2326 praesidia

170 2337 417 2410 periculis
436 2342 532 2390 aut
549 2336 860 2404 adjumenta
877 2335 1163 2389 honoribus
1178 2353 1408 2405 quaeram
1427 2354 1464 2416 g
1476 2340 1759 2424 propterea

169 2415 312 2486 quod
354 2413 587 2484 pericula
628 2413 801 2479 facile,
837 2419 901 2466 ut
941 2413 1212 2467 hominem
1246 2399 1495 2484 prffista‘re
1536 2416 1759 2481 oportet,

168 2492 474 2547 innocentia
508 2492 638 2544 teeti
670 2489 1001 2559 repellemus,
1027 2491 1249 2545 honores
1282 2495 1464 2543 autem
1495 2506 1667 2559 neque
1689 2489 1759 2543 ab

169 2587 279 2624 uno
296 2586 468 2639 neque
486 2585 553 2622 ex
570 2568 670 2622 hoe
687 2567 817 2632 1000,
839 2568 930 2622 sed
947 2567 1133 2623 eadem
1147 2573 1332 2624 nostra
1349 2567 1444 2622 illa
1466 2565 1760 2626 laboriosis-

167 2649 304 2703 sima
336 2646 708 2732 mtioneyitae,
735 2646 780 2702 si
810 2650 987 2702 vestra
1019 2646 1264 2703 voluntas
1300 2646 1449 2711 feret,
1482 2662 1760 2719 conseque.

167 2743 305 2801 mut.
383 2713 750 2821 quamobrem,
779 2724 1038 2817 quidquid
1070 2725 1129 2798 is
1161 2724 1262 2798 beo
1294 2740 1454 2798 eausa
1482 2722 1618 2798 mibi
1649 2732 1833 2840 tua-{3
