<?xml version="1.0" encoding="UTF-8"?>
<!DOCTYPE html PUBLIC "-//W3C//DTD XHTML 1.0 Transitional//EN"
    "http://www.w3.org/TR/xhtml1/DTD/xhtml1-transitional.dtd">
<html xmlns="http://www.w3.org/1999/xhtml" xml:lang="en" lang="en">
 <head>
  <title>
</title>
<meta http-equiv="Content-Type" content="text/html;charset=utf-8" />
  <meta name='ocr-system' content='tesseract 3.04.00' />
  <meta name='ocr-capabilities' content='ocr_page ocr_carea ocr_par ocr_line ocrx_word'/>
</head>
<body>
  <div class='ocr_page' id='page_1' title='image "./prolegemanilias00cicegoog_0014.png"; bbox 0 0 2020 3027; ppageno 0'>
   <div class='ocr_carea' id='block_1_1' title="bbox 152 20 1189 125">
    <p class='ocr_par' dir='ltr' id='par_1_1' title="bbox 152 20 1189 125">
     <span class='ocr_line' id='line_1_1' title="bbox 152 20 1189 125; baseline -0.002 -21"><span class='ocrx_word' id='word_1_1' title='bbox 152 118 163 125; x_wconf 47' lang='grc'>,</span> <span class='ocrx_word' id='word_1_2' title='bbox 240 48 305 104; x_wconf 88' lang='lat'>10</span> <span class='ocrx_word' id='word_1_3' title='bbox 452 20 457 25; x_wconf 49' lang='lat'><strong>⁴</strong></span> <span class='ocrx_word' id='word_1_4' title='bbox 920 46 1189 103; x_wconf 63' lang='lat' dir='ltr'>eremo</span> 
     </span>
    </p>
   </div>
   <div class='ocr_carea' id='block_1_2' title="bbox 116 170 1830 712">
    <p class='ocr_par' dir='ltr' id='par_1_2' title="bbox 116 170 1830 712">
     <span class='ocr_line' id='line_1_2' title="bbox 243 170 1830 246; baseline 0 -17"><span class='ocrx_word' id='word_1_5' title='bbox 243 178 309 230; x_wconf 90' lang='lat' dir='ltr'>de</span> <span class='ocrx_word' id='word_1_6' title='bbox 344 173 473 230; x_wconf 87' lang='lat' dir='ltr'>belli</span> <span class='ocrx_word' id='word_1_7' title='bbox 491 182 696 246; x_wconf 78' lang='lat' dir='ltr'>&#39;genere</span> <span class='ocrx_word' id='word_1_8' title='bbox 729 172 986 241; x_wconf 88' lang='lat' dir='ltr'>dicturus,</span> <span class='ocrx_word' id='word_1_9' title='bbox 1013 175 1156 246; x_wconf 83' lang='lat' dir='ltr'>quod</span> <span class='ocrx_word' id='word_1_10' title='bbox 1186 175 1256 231; x_wconf 82' lang='lat' dir='ltr'>ad</span> <span class='ocrx_word' id='word_1_11' title='bbox 1288 172 1572 231; x_wconf 84' lang='lat' dir='ltr'>multorum</span> <span class='ocrx_word' id='word_1_12' title='bbox 1594 170 1732 231; x_wconf 83' lang='lat' dir='ltr'>bona</span> <span class='ocrx_word' id='word_1_13' title='bbox 1754 171 1830 230; x_wconf 80' lang='lat' dir='ltr'>ci·</span> 
     </span>
     <span class='ocr_line' id='line_1_3' title="bbox 240 252 1830 343; baseline 0.001 -36"><span class='ocrx_word' id='word_1_14' title='bbox 240 255 389 323; x_wconf 72' lang='lat' dir='ltr'>vium</span> <span class='ocrx_word' id='word_1_15' title='bbox 413 252 774 343; x_wconf 48' lang='lat' dir='ltr'>Pkomanorum</span> <span class='ocrx_word' id='word_1_16' title='bbox 810 255 1057 321; x_wconf 74' lang='lat' dir='ltr'><strong>pertinet,</strong></span> <span class='ocrx_word' id='word_1_17' title='bbox 1082 271 1307 324; x_wconf 89' lang='lat' dir='ltr'>quorum</span> <span class='ocrx_word' id='word_1_18' title='bbox 1343 254 1491 309; x_wconf 83' lang='lat' dir='ltr'>vobis</span> <span class='ocrx_word' id='word_1_19' title='bbox 1523 272 1617 324; x_wconf 88' lang='lat' dir='ltr'>pro</span> <span class='ocrx_word' id='word_1_20' title='bbox 1653 261 1830 309; x_wconf 79' lang='lat' dir='ltr'>vestra</span> 
     </span>
     <span class='ocr_line' id='line_1_4' title="bbox 137 319 1827 403; baseline -0.002 -17"><span class='ocrx_word' id='word_1_21' title='bbox 137 326 173 403; x_wconf 43' lang='lat' dir='ltr'>&#39;f‘</span> <span class='ocrx_word' id='word_1_22' title='bbox 186 319 788 400; x_wconf 59' lang='lat' dir='ltr'>0&#39;ssffi‘efit1iz&#39;3‘Qfiffiffis,</span> <span class='ocrx_word' id='word_1_23' title='bbox 817 331 1064 385; x_wconf 88' lang='lat' dir='ltr'>habenda</span> <span class='ocrx_word' id='word_1_24' title='bbox 1089 339 1169 385; x_wconf 87' lang='lat' dir='ltr'>est</span> <span class='ocrx_word' id='word_1_25' title='bbox 1192 331 1326 386; x_wconf 85' lang='lat' dir='ltr'>ratio</span> <span class='ocrx_word' id='word_1_26' title='bbox 1353 330 1646 401; x_wconf 82' lang='lat' dir='ltr'><strong>diligenter.</strong></span> <span class='ocrx_word' id='word_1_27' title='bbox 1688 333 1827 385; x_wconf 84' lang='lat' dir='ltr'>Nam</span> 
     </span>
     <span class='ocr_line' id='line_1_5' title="bbox 116 394 1826 484; baseline -0.001 -23"><span class='ocrx_word' id='word_1_28' title='bbox 116 394 603 484; x_wconf 47' lang='lat' dir='ltr'>&amp;ffiublicanss</span> <span class='ocrx_word' id='word_1_29' title='bbox 639 408 878 462; x_wconf 90' lang='lat' dir='ltr'>homines</span> <span class='ocrx_word' id='word_1_30' title='bbox 919 415 974 462; x_wconf 86' lang='lat' dir='ltr'>et</span> <span class='ocrx_word' id='word_1_31' title='bbox 1010 408 1364 462; x_wconf 81' lang='lat' dir='ltr'>honestissimi</span> <span class='ocrx_word' id='word_1_32' title='bbox 1404 416 1461 464; x_wconf 88' lang='lat' dir='ltr'>et</span> <span class='ocrx_word' id='word_1_33' title='bbox 1491 409 1826 472; x_wconf 83' lang='lat' dir='ltr'>ornatissimi,</span> 
     </span>
     <span class='ocr_line' id='line_1_6' title="bbox 239 487 1828 557; baseline 0.003 -18"><span class='ocrx_word' id='word_1_34' title='bbox 239 504 359 540; x_wconf 84' lang='lat' dir='ltr'>suas</span> <span class='ocrx_word' id='word_1_35' title='bbox 395 488 623 541; x_wconf 86' lang='lat' dir='ltr'>rationes</span> <span class='ocrx_word' id='word_1_36' title='bbox 658 492 713 540; x_wconf 85' lang='lat' dir='ltr'>et</span> <span class='ocrx_word' id='word_1_37' title='bbox 749 491 924 556; x_wconf 83' lang='lat' dir='ltr'>copias</span> <span class='ocrx_word' id='word_1_38' title='bbox 960 487 1020 540; x_wconf 87' lang='lat' dir='ltr'>in</span> <span class='ocrx_word' id='word_1_39' title='bbox 1054 487 1202 540; x_wconf 88' lang='lat' dir='ltr'>illam</span> <span class='ocrx_word' id='word_1_40' title='bbox 1238 488 1560 557; x_wconf 82' lang='lat' dir='ltr'>provinciam</span> <span class='ocrx_word' id='word_1_41' title='bbox 1590 487 1828 543; x_wconf 72' lang='lat' dir='ltr'>contule·</span> 
     </span>
     <span class='ocr_line' id='line_1_7' title="bbox 237 565 1828 635; baseline 0.002 -19"><span class='ocrx_word' id='word_1_42' title='bbox 237 569 401 619; x_wconf 76' lang='lat' dir='ltr'>runt:</span> <span class='ocrx_word' id='word_1_43' title='bbox 437 580 662 633; x_wconf 86' lang='lat' dir='ltr'>quorum</span> <span class='ocrx_word' id='word_1_44' title='bbox 703 565 940 633; x_wconf 86' lang='lat' dir='ltr'>ipsorum</span> <span class='ocrx_word' id='word_1_45' title='bbox 981 581 1172 635; x_wconf 52' lang='lat' dir='ltr'>per-se</span> <span class='ocrx_word' id='word_1_46' title='bbox 1211 581 1293 617; x_wconf 85' lang='lat' dir='ltr'>res</span> <span class='ocrx_word' id='word_1_47' title='bbox 1334 572 1389 619; x_wconf 89' lang='lat' dir='ltr'>et</span> <span class='ocrx_word' id='word_1_48' title='bbox 1423 566 1650 618; x_wconf 64' lang='lat' dir='ltr'>fortunae</span> <span class='ocrx_word' id='word_1_49' title='bbox 1687 583 1828 619; x_wconf 79' lang='lat' dir='ltr'>curm</span> 
     </span>
     <span class='ocr_line' id='line_1_8' title="bbox 238 634 1828 712; baseline 0.001 -17"><span class='ocrx_word' id='word_1_50' title='bbox 238 641 385 695; x_wconf 83' lang='lat' dir='ltr'>vobis</span> <span class='ocrx_word' id='word_1_51' title='bbox 421 658 532 696; x_wconf 87' lang='lat' dir='ltr'>esse</span> <span class='ocrx_word' id='word_1_52' title='bbox 570 640 799 696; x_wconf 81' lang='lat' dir='ltr'>debent:</span> <span class='ocrx_word' id='word_1_53' title='bbox 844 642 1045 694; x_wconf 80' lang='lat' dir='ltr'>etenim</span> <span class='ocrx_word' id='word_1_54' title='bbox 1088 643 1132 694; x_wconf 90' lang='lat' dir='ltr'>si</span> <span class='ocrx_word' id='word_1_55' title='bbox 1170 634 1454 712; x_wconf 76' lang='lat' dir='ltr'>vectigalia</span> <span class='ocrx_word' id='word_1_56' title='bbox 1490 658 1677 697; x_wconf 80' lang='lat' dir='ltr'>nervos</span> <span class='ocrx_word' id='word_1_57' title='bbox 1714 660 1828 697; x_wconf 86' lang='lat' dir='ltr'>esse</span> 
     </span>
    </p>
   </div>
   <div class='ocr_carea' id='block_1_3' title="bbox 92 725 1828 2927">
    <p class='ocr_par' dir='ltr' id='par_1_3' title="bbox 92 725 1828 2927">
     <span class='ocr_line' id='line_1_9' title="bbox 235 725 1826 797; baseline 0.001 -19"><span class='ocrx_word' id='word_1_58' title='bbox 235 725 540 795; x_wconf 80' lang='lat' dir='ltr'>reipublicae</span> <span class='ocrx_word' id='word_1_59' title='bbox 576 740 783 795; x_wconf 77' lang='lat' dir='ltr'>semper</span> <span class='ocrx_word' id='word_1_60' title='bbox 818 726 1084 794; x_wconf 80' lang='lat' dir='ltr'>duximus,</span> <span class='ocrx_word' id='word_1_61' title='bbox 1110 742 1234 780; x_wconf 85' lang='lat' dir='ltr'>eum</span> <span class='ocrx_word' id='word_1_62' title='bbox 1269 732 1409 782; x_wconf 88' lang='lat' dir='ltr'>certe</span> <span class='ocrx_word' id='word_1_63' title='bbox 1442 728 1695 791; x_wconf 84' lang='lat' dir='ltr'>ordinem,</span> <span class='ocrx_word' id='word_1_64' title='bbox 1731 729 1826 797; x_wconf 91' lang='lat' dir='ltr'>qui</span> 
     </span>
     <span class='ocr_line' id='line_1_10' title="bbox 235 802 1828 871; baseline 0.001 -14"><span class='ocrx_word' id='word_1_65' title='bbox 235 810 442 859; x_wconf 81' lang='lat' dir='ltr'>exercet</span> <span class='ocrx_word' id='word_1_66' title='bbox 482 803 591 871; x_wconf 89' lang='lat' dir='ltr'>illa,</span> <span class='ocrx_word' id='word_1_67' title='bbox 629 804 1025 856; x_wconf 88' lang='lat' dir='ltr'>firmamentum</span> <span class='ocrx_word' id='word_1_68' title='bbox 1071 802 1363 859; x_wconf 84' lang='lat' dir='ltr'>ceterorum</span> <span class='ocrx_word' id='word_1_69' title='bbox 1405 806 1660 860; x_wconf 75' lang='lat' dir='ltr'>ordinum·</span> <span class='ocrx_word' id='word_1_70' title='bbox 1683 813 1828 859; x_wconf 89' lang='lat' dir='ltr'>recte</span> 
     </span>
     <span class='ocr_line' id='line_1_11' title="bbox 155 881 1826 955; baseline 0.001 -20"><span class='ocrx_word' id='word_1_71' title='bbox 155 892 216 942; x_wconf 86' lang='lat'>18</span> <span class='ocrx_word' id='word_1_72' title='bbox 234 899 344 935; x_wconf 87' lang='lat' dir='ltr'>esse</span> <span class='ocrx_word' id='word_1_73' title='bbox 386 881 649 936; x_wconf 84' lang='lat' dir='ltr'>dicemus:</span> <span class='ocrx_word' id='word_1_74' title='bbox 701 881 891 935; x_wconf 86' lang='lat' dir='ltr'>deinde</span> <span class='ocrx_word' id='word_1_75' title='bbox 932 882 1119 935; x_wconf 87' lang='lat' dir='ltr'>ceteris</span> <span class='ocrx_word' id='word_1_76' title='bbox 1160 899 1227 936; x_wconf 82' lang='lat' dir='ltr'>ex</span> <span class='ocrx_word' id='word_1_77' title='bbox 1268 881 1540 955; x_wconf 79' lang='lat' dir='ltr'>ordinibus</span> <span class='ocrx_word' id='word_1_78' title='bbox 1587 883 1826 937; x_wconf 88' lang='lat' dir='ltr'>homines</span> 
     </span>
     <span class='ocr_line' id='line_1_12' title="bbox 235 944 1822 1030; baseline -0.001 -16"><span class='ocrx_word' id='word_1_79' title='bbox 235 944 397 1029; x_wconf 55' lang='lat' dir='ltr'>gffiavi</span> <span class='ocrx_word' id='word_1_80' title='bbox 438 966 494 1014; x_wconf 87' lang='lat' dir='ltr'>et</span> <span class='ocrx_word' id='word_1_81' title='bbox 534 959 787 1012; x_wconf 84' lang='lat' dir='ltr'>industrii</span> <span class='ocrx_word' id='word_1_82' title='bbox 829 960 1029 1028; x_wconf 87' lang='lat' dir='ltr'>partim</span> <span class='ocrx_word' id='word_1_83' title='bbox 1070 959 1173 1028; x_wconf 88' lang='lat' dir='ltr'>ipsi</span> <span class='ocrx_word' id='word_1_84' title='bbox 1208 959 1264 1014; x_wconf 91' lang='lat' dir='ltr'>in</span> <span class='ocrx_word' id='word_1_85' title='bbox 1299 961 1427 1014; x_wconf 89' lang='lat' dir='ltr'>Asia</span> <span class='ocrx_word' id='word_1_86' title='bbox 1461 961 1822 1030; x_wconf 82' lang='lat' dir='ltr'>negotiantur,</span> 
     </span>
     <span class='ocr_line' id='line_1_13' title="bbox 235 1035 1825 1108; baseline 0.001 -20"><span class='ocrx_word' id='word_1_87' title='bbox 235 1036 428 1106; x_wconf 90' lang='lat' dir='ltr'>quibus</span> <span class='ocrx_word' id='word_1_88' title='bbox 453 1052 544 1090; x_wconf 82' lang='lat' dir='ltr'>vos</span> <span class='ocrx_word' id='word_1_89' title='bbox 579 1035 885 1089; x_wconf 85' lang='lat' dir='ltr'>absentibus</span> <span class='ocrx_word' id='word_1_90' title='bbox 920 1038 1189 1091; x_wconf 87' lang='lat' dir='ltr'>consulere</span> <span class='ocrx_word' id='word_1_91' title='bbox 1226 1037 1443 1104; x_wconf 86' lang='lat' dir='ltr'>debetis,</span> <span class='ocrx_word' id='word_1_92' title='bbox 1471 1039 1665 1108; x_wconf 90' lang='lat' dir='ltr'>partim</span> <span class='ocrx_word' id='word_1_93' title='bbox 1702 1055 1825 1090; x_wconf 80' lang='lat' dir='ltr'>suns</span> 
     </span>
     <span class='ocr_line' id='line_1_14' title="bbox 234 1108 1825 1185; baseline 0 -16"><span class='ocrx_word' id='word_1_94' title='bbox 234 1120 290 1169; x_wconf 88' lang='lat' dir='ltr'>et</span> <span class='ocrx_word' id='word_1_95' title='bbox 338 1131 554 1168; x_wconf 88' lang='lat' dir='ltr'>suorum</span> <span class='ocrx_word' id='word_1_96' title='bbox 593 1115 652 1167; x_wconf 90' lang='lat' dir='ltr'>in</span> <span class='ocrx_word' id='word_1_97' title='bbox 694 1115 1078 1184; x_wconf 49' lang='lat' dir='ltr'>eassrovincia</span> <span class='ocrx_word' id='word_1_98' title='bbox 1119 1108 1377 1184; x_wconf 71' lang='lat' dir='ltr'>pecunias</span> <span class='ocrx_word' id='word_1_99' title='bbox 1405 1134 1627 1185; x_wconf 85' lang='lat' dir='ltr'>magnas</span> <span class='ocrx_word' id='word_1_100' title='bbox 1667 1118 1825 1170; x_wconf 91' lang='lat' dir='ltr'>collo-</span> 
     </span>
     <span class='ocr_line' id='line_1_15' title="bbox 233 1191 1823 1261; baseline 0 -15"><span class='ocrx_word' id='word_1_101' title='bbox 233 1198 379 1247; x_wconf 81' lang='lat' dir='ltr'>catas</span> <span class='ocrx_word' id='word_1_102' title='bbox 420 1192 634 1246; x_wconf 84' lang='lat' dir='ltr'>habent.</span> <span class='ocrx_word' id='word_1_103' title='bbox 708 1191 828 1245; x_wconf 82' lang='lat' dir='ltr'>Erit</span> <span class='ocrx_word' id='word_1_104' title='bbox 870 1193 1041 1261; x_wconf 80' lang='lat' dir='ltr'>igitur</span> <span class='ocrx_word' id='word_1_105' title='bbox 1073 1191 1426 1251; x_wconf 80' lang='lat' dir='ltr'>humanitatis</span> <span class='ocrx_word' id='word_1_106' title='bbox 1450 1203 1654 1257; x_wconf 70' lang='lat' dir='ltr'>vestrm,</span> <span class='ocrx_word' id='word_1_107' title='bbox 1680 1211 1823 1261; x_wconf 83' lang='lat' dir='ltr'>mag-</span> 
     </span>
     <span class='ocr_line' id='line_1_16' title="bbox 233 1268 1823 1339; baseline 0.003 -19"><span class='ocrx_word' id='word_1_108' title='bbox 233 1285 366 1320; x_wconf 91' lang='lat' dir='ltr'>num</span> <span class='ocrx_word' id='word_1_109' title='bbox 397 1284 578 1322; x_wconf 88' lang='lat' dir='ltr'>eorum</span> <span class='ocrx_word' id='word_1_110' title='bbox 619 1268 817 1322; x_wconf 83' lang='lat' dir='ltr'>civium</span> <span class='ocrx_word' id='word_1_111' title='bbox 858 1286 1142 1321; x_wconf 84' lang='lat' dir='ltr'>numerum</span> <span class='ocrx_word' id='word_1_112' title='bbox 1173 1269 1477 1324; x_wconf 82' lang='lat' dir='ltr'>calamitate</span> <span class='ocrx_word' id='word_1_113' title='bbox 1511 1269 1783 1339; x_wconf 87' lang='lat' dir='ltr'>prohibere</span> <span class='ocrx_word' id='word_1_114' title='bbox 1809 1291 1823 1336; x_wconf 91' lang='lat'>;</span> 
     </span>
     <span class='ocr_line' id='line_1_17' title="bbox 233 1346 1825 1415; baseline 0.003 -17"><span class='ocrx_word' id='word_1_115' title='bbox 233 1346 521 1415; x_wconf 83' lang='lat' dir='ltr'>sapientiae‚</span> <span class='ocrx_word' id='word_1_116' title='bbox 571 1346 749 1400; x_wconf 82' lang='lat' dir='ltr'>videre</span> <span class='ocrx_word' id='word_1_117' title='bbox 794 1346 1086 1399; x_wconf 88' lang='lat' dir='ltr'>multorum</span> <span class='ocrx_word' id='word_1_118' title='bbox 1145 1347 1343 1400; x_wconf 86' lang='lat' dir='ltr'>civium</span> <span class='ocrx_word' id='word_1_119' title='bbox 1391 1347 1742 1402; x_wconf 86' lang='lat' dir='ltr'>calamitatem</span> <span class='ocrx_word' id='word_1_120' title='bbox 1789 1366 1825 1403; x_wconf 90' lang='lat' dir='ltr'>a</span> 
     </span>
     <span class='ocr_line' id='line_1_18' title="bbox 231 1423 1823 1503; baseline 0.002 -27"><span class='ocrx_word' id='word_1_121' title='bbox 231 1423 820 1503; x_wconf 44' lang='lat' dir='ltr'>republica7sejunctam</span> <span class='ocrx_word' id='word_1_122' title='bbox 842 1440 954 1477; x_wconf 88' lang='lat' dir='ltr'>esse</span> <span class='ocrx_word' id='word_1_123' title='bbox 976 1441 1086 1478; x_wconf 93' lang='lat' dir='ltr'>non</span> <span class='ocrx_word' id='word_1_124' title='bbox 1118 1440 1281 1494; x_wconf 86' lang='lat' dir='ltr'>posse.</span> <span class='ocrx_word' id='word_1_125' title='bbox 1354 1425 1568 1481; x_wconf 88' lang='lat' dir='ltr'>Etenim</span> <span class='ocrx_word' id='word_1_126' title='bbox 1592 1426 1823 1495; x_wconf 87' lang='lat' dir='ltr'>primum</span> 
     </span>
     <span class='ocr_line' id='line_1_19' title="bbox 232 1484 1823 1574; baseline 0.002 -18"><span class='ocrx_word' id='word_1_127' title='bbox 232 1501 370 1556; x_wconf 91' lang='lat' dir='ltr'>illud</span> <span class='ocrx_word' id='word_1_128' title='bbox 425 1484 577 1573; x_wconf 53' lang='lat' dir='ltr'>parvi</span> <span class='ocrx_word' id='word_1_129' title='bbox 624 1485 1300 1573; x_wconf 44' lang='lat' dir='ltr'>infe‘r‘t‘,‘&#39;&#39;&#39;tikbssn&#39;ffiublioanis‘</span> <span class='ocrx_word' id='word_1_130' title='bbox 1338 1505 1543 1559; x_wconf 87' lang='lat' dir='ltr'>amissis</span> <span class='ocrx_word' id='word_1_131' title='bbox 1589 1504 1823 1574; x_wconf 82' lang='lat' dir='ltr'>vectiga-</span> 
     </span>
     <span class='ocr_line' id='line_1_20' title="bbox 231 1579 1821 1671; baseline 0.003 -38"><span class='ocrx_word' id='word_1_132' title='bbox 231 1579 306 1634; x_wconf 86' lang='lat' dir='ltr'>lia</span> <span class='ocrx_word' id='word_1_133' title='bbox 329 1586 526 1671; x_wconf 53' lang='lat' dir='ltr'>yostea</span> <span class='ocrx_word' id='word_1_134' title='bbox 561 1581 785 1659; x_wconf 56' lang='lat' dir='ltr'>victoria</span> <span class='ocrx_word' id='word_1_135' title='bbox 826 1597 1151 1651; x_wconf 80' lang='lat' dir='ltr'>recuperare.</span> <span class='ocrx_word' id='word_1_136' title='bbox 1223 1580 1413 1651; x_wconf 86' lang='lat' dir='ltr'>Neque</span> <span class='ocrx_word' id='word_1_137' title='bbox 1454 1583 1596 1636; x_wconf 90' lang='lat' dir='ltr'>enim</span> <span class='ocrx_word' id='word_1_138' title='bbox 1635 1583 1821 1637; x_wconf 87' lang='lat' dir='ltr'>iisdem</span> 
     </span>
     <span class='ocr_line' id='line_1_21' title="bbox 202 1645 1822 1742; baseline 0.003 -33"><span class='ocrx_word' id='word_1_139' title='bbox 202 1645 527 1713; x_wconf 64' lang='lat' dir='ltr'>&#39;&#39;fdfflmendi</span> <span class='ocrx_word' id='word_1_140' title='bbox 563 1645 794 1712; x_wconf 53' lang='lat' dir='ltr'>facultas</span> <span class='ocrx_word' id='word_1_141' title='bbox 837 1659 939 1713; x_wconf 85' lang='lat' dir='ltr'>erit</span> <span class='ocrx_word' id='word_1_142' title='bbox 978 1665 1196 1729; x_wconf 87' lang='lat' dir='ltr'>propter</span> <span class='ocrx_word' id='word_1_143' title='bbox 1236 1658 1609 1742; x_wconf 61' lang='lat' dir='ltr'>calamitatem,</span> <span class='ocrx_word' id='word_1_144' title='bbox 1649 1677 1822 1734; x_wconf 81' lang='lat' dir='ltr'>neque</span> 
     </span>
     <span class='ocr_line' id='line_1_22' title="bbox 147 1732 1821 1806; baseline 0.003 -19"><span class='ocrx_word' id='word_1_145' title='bbox 147 1741 215 1795; x_wconf 84' lang='grc'>19</span> <span class='ocrx_word' id='word_1_146' title='bbox 231 1732 346 1788; x_wconf 86' lang='lat' dir='ltr'>aliis</span> <span class='ocrx_word' id='word_1_147' title='bbox 381 1736 628 1789; x_wconf 83' lang='lat' dir='ltr'>voluntas</span> <span class='ocrx_word' id='word_1_148' title='bbox 676 1742 892 1805; x_wconf 88' lang='lat' dir='ltr'>propter</span> <span class='ocrx_word' id='word_1_149' title='bbox 940 1737 1199 1790; x_wconf 85' lang='lat' dir='ltr'>timorem.</span> <span class='ocrx_word' id='word_1_150' title='bbox 1278 1735 1500 1804; x_wconf 89' lang='lat' dir='ltr'>Deinde,</span> <span class='ocrx_word' id='word_1_151' title='bbox 1512 1733 1696 1806; x_wconf 58' lang='lat' dir='ltr'>⁸&#39;quod&#39;</span> <span class='ocrx_word' id='word_1_152' title='bbox 1727 1743 1821 1792; x_wconf 89' lang='lat' dir='ltr'>nos</span> 
     </span>
     <span class='ocr_line' id='line_1_23' title="bbox 229 1811 1818 1883; baseline 0.003 -19"><span class='ocrx_word' id='word_1_153' title='bbox 229 1811 415 1866; x_wconf 89' lang='lat' dir='ltr'>eadem</span> <span class='ocrx_word' id='word_1_154' title='bbox 450 1812 578 1867; x_wconf 86' lang='lat' dir='ltr'>Asia</span> <span class='ocrx_word' id='word_1_155' title='bbox 612 1819 774 1883; x_wconf 90' lang='lat' dir='ltr'>atque</span> <span class='ocrx_word' id='word_1_156' title='bbox 809 1813 952 1866; x_wconf 89' lang='lat' dir='ltr'>idem</span> <span class='ocrx_word' id='word_1_157' title='bbox 986 1814 1089 1867; x_wconf 86' lang='lat' dir='ltr'>iste</span> <span class='ocrx_word' id='word_1_158' title='bbox 1125 1813 1468 1867; x_wconf 78' lang='lat' dir='ltr'>Mithridates</span> <span class='ocrx_word' id='word_1_159' title='bbox 1504 1815 1659 1868; x_wconf 88' lang='lat' dir='ltr'>initio</span> <span class='ocrx_word' id='word_1_160' title='bbox 1694 1815 1818 1869; x_wconf 88' lang='lat' dir='ltr'>belli</span> 
     </span>
     <span class='ocr_line' id='line_1_24' title="bbox 228 1888 1820 1960; baseline 0.003 -18"><span class='ocrx_word' id='word_1_161' title='bbox 228 1888 453 1943; x_wconf 81' lang='lat' dir='ltr'>Asiatici</span> <span class='ocrx_word' id='word_1_162' title='bbox 484 1890 680 1957; x_wconf 89' lang='lat' dir='ltr'>docuit,</span> <span class='ocrx_word' id='word_1_163' title='bbox 705 1897 845 1944; x_wconf 82' lang='lat' dir='ltr'>certe</span> <span class='ocrx_word' id='word_1_164' title='bbox 878 1891 933 1944; x_wconf 91' lang='lat' dir='ltr'>id</span> <span class='ocrx_word' id='word_1_165' title='bbox 959 1892 1174 1960; x_wconf 89' lang='lat' dir='ltr'>quidem</span> <span class='ocrx_word' id='word_1_166' title='bbox 1210 1892 1511 1946; x_wconf 84' lang='lat' dir='ltr'>calamitate</span> <span class='ocrx_word' id='word_1_167' title='bbox 1537 1892 1680 1945; x_wconf 90' lang='lat' dir='ltr'>docti</span> <span class='ocrx_word' id='word_1_168' title='bbox 1717 1912 1820 1947; x_wconf 85' lang='lat' dir='ltr'>me·</span> 
     </span>
     <span class='ocr_line' id='line_1_25' title="bbox 228 1966 1822 2045; baseline 0.003 -26"><span class='ocrx_word' id='word_1_169' title='bbox 228 1966 397 2020; x_wconf 82' lang='lat' dir='ltr'>moria</span> <span class='ocrx_word' id='word_1_170' title='bbox 436 1969 663 2021; x_wconf 85' lang='lat' dir='ltr'>retinere</span> <span class='ocrx_word' id='word_1_171' title='bbox 704 1967 1186 2045; x_wconf 41' lang='lat' dir='ltr'>debemushffiNam</span> <span class='ocrx_word' id='word_1_172' title='bbox 1223 1976 1352 2033; x_wconf 88' lang='lat' dir='ltr'>tum,</span> <span class='ocrx_word' id='word_1_173' title='bbox 1390 1987 1557 2039; x_wconf 90' lang='lat' dir='ltr'>quum</span> <span class='ocrx_word' id='word_1_174' title='bbox 1600 1970 1656 2021; x_wconf 91' lang='lat' dir='ltr'>in</span> <span class='ocrx_word' id='word_1_175' title='bbox 1693 1970 1822 2027; x_wconf 87' lang='lat' dir='ltr'>Asia</span> 
     </span>
     <span class='ocr_line' id='line_1_26' title="bbox 225 2045 1819 2122; baseline 0.002 -23"><span class='ocrx_word' id='word_1_176' title='bbox 225 2055 311 2099; x_wconf 83' lang='lat' dir='ltr'>res</span> <span class='ocrx_word' id='word_1_177' title='bbox 341 2060 563 2114; x_wconf 84' lang='lat' dir='ltr'>magnas</span> <span class='ocrx_word' id='word_1_178' title='bbox 598 2045 853 2122; x_wconf 66' lang='lat' dir='ltr'>permulti</span> <span class='ocrx_word' id='word_1_179' title='bbox 888 2046 1190 2110; x_wconf 81' lang='lat' dir='ltr'>amiserant,</span> <span class='ocrx_word' id='word_1_180' title='bbox 1225 2047 1419 2100; x_wconf 87' lang='lat' dir='ltr'>scimus</span> <span class='ocrx_word' id='word_1_181' title='bbox 1453 2047 1650 2113; x_wconf 83' lang='lat' dir='ltr'>Romoe,</span> <span class='ocrx_word' id='word_1_182' title='bbox 1681 2048 1819 2103; x_wconf 88' lang='lat' dir='ltr'>solu·</span> 
     </span>
     <span class='ocr_line' id='line_1_27' title="bbox 227 2109 1819 2196; baseline 0.004 -21"><span class='ocrx_word' id='word_1_183' title='bbox 227 2123 373 2176; x_wconf 83' lang='lat' dir='ltr'>tione</span> <span class='ocrx_word' id='word_1_184' title='bbox 404 2122 677 2192; x_wconf 86' lang='lat' dir='ltr'>impedita,</span> <span class='ocrx_word' id='word_1_185' title='bbox 703 2109 864 2176; x_wconf 73' lang='lat' dir='ltr'>fidem</span> <span class='ocrx_word' id='word_1_186' title='bbox 887 2123 1191 2178; x_wconf 72' lang='lat' dir='ltr'>concidisse.</span> <span class='ocrx_word' id='word_1_187' title='bbox 1264 2125 1384 2177; x_wconf 86' lang='lat' dir='ltr'>Non</span> <span class='ocrx_word' id='word_1_188' title='bbox 1420 2126 1561 2178; x_wconf 89' lang='lat' dir='ltr'>enim</span> <span class='ocrx_word' id='word_1_189' title='bbox 1598 2135 1819 2196; x_wconf 79' lang='lat' dir='ltr'>possunt</span> 
     </span>
     <span class='ocr_line' id='line_1_28' title="bbox 226 2201 1816 2270; baseline 0.003 -17"><span class='ocrx_word' id='word_1_190' title='bbox 226 2217 339 2253; x_wconf 85' lang='lat' dir='ltr'>una</span> <span class='ocrx_word' id='word_1_191' title='bbox 360 2201 420 2253; x_wconf 91' lang='lat' dir='ltr'>in</span> <span class='ocrx_word' id='word_1_192' title='bbox 442 2201 661 2254; x_wconf 81' lang='lat' dir='ltr'>civitate</span> <span class='ocrx_word' id='word_1_193' title='bbox 682 2201 846 2253; x_wconf 87' lang='lat' dir='ltr'>multi</span> <span class='ocrx_word' id='word_1_194' title='bbox 861 2218 975 2254; x_wconf 88' lang='lat' dir='ltr'>rem</span> <span class='ocrx_word' id='word_1_195' title='bbox 998 2217 1061 2253; x_wconf 86' lang='lat' dir='ltr'>ac</span> <span class='ocrx_word' id='word_1_196' title='bbox 1085 2201 1323 2254; x_wconf 81' lang='lat' dir='ltr'>fortunas</span> <span class='ocrx_word' id='word_1_197' title='bbox 1345 2202 1607 2270; x_wconf 88' lang='lat' dir='ltr'>amittere,</span> <span class='ocrx_word' id='word_1_198' title='bbox 1626 2210 1690 2257; x_wconf 89' lang='lat' dir='ltr'>ut</span> <span class='ocrx_word' id='word_1_199' title='bbox 1712 2221 1816 2258; x_wconf 92' lang='lat' dir='ltr'>non</span> 
     </span>
     <span class='ocr_line' id='line_1_29' title="bbox 227 2277 1818 2350; baseline 0.003 -21"><span class='ocrx_word' id='word_1_200' title='bbox 227 2277 406 2345; x_wconf 84' lang='lat' dir='ltr'>plures</span> <span class='ocrx_word' id='word_1_201' title='bbox 431 2293 609 2331; x_wconf 87' lang='lat' dir='ltr'>secum</span> <span class='ocrx_word' id='word_1_202' title='bbox 632 2278 689 2346; x_wconf 83' lang='lat' dir='ltr'>in</span> <span class='ocrx_word' id='word_1_203' title='bbox 715 2278 955 2331; x_wconf 87' lang='lat' dir='ltr'>eamdem</span> <span class='ocrx_word' id='word_1_204' title='bbox 978 2277 1336 2332; x_wconf 83' lang='lat' dir='ltr'>calamitatem</span> <span class='ocrx_word' id='word_1_205' title='bbox 1362 2280 1594 2334; x_wconf 85' lang='lat' dir='ltr'>trahant.</span> <span class='ocrx_word' id='word_1_206' title='bbox 1640 2279 1691 2334; x_wconf 88' lang='lat' dir='ltr'>A</span> <span class='ocrx_word' id='word_1_207' title='bbox 1714 2297 1818 2350; x_wconf 90' lang='lat' dir='ltr'>quo</span> 
     </span>
     <span class='ocr_line' id='line_1_30' title="bbox 229 2338 1816 2427; baseline 0.003 -20"><span class='ocrx_word' id='word_1_208' title='bbox 229 2354 463 2424; x_wconf 87' lang='lat' dir='ltr'>periculo</span> <span class='ocrx_word' id='word_1_209' title='bbox 496 2338 772 2424; x_wconf 54' lang='lat' dir='ltr'>§roliffiete</span> <span class='ocrx_word' id='word_1_210' title='bbox 806 2354 1204 2426; x_wconf 87' lang='lat' dir='ltr'>rempublicam,</span> <span class='ocrx_word' id='word_1_211' title='bbox 1240 2362 1297 2410; x_wconf 86' lang='lat' dir='ltr'>et</span> <span class='ocrx_word' id='word_1_212' title='bbox 1330 2356 1465 2409; x_wconf 89' lang='lat' dir='ltr'>mihi</span> <span class='ocrx_word' id='word_1_213' title='bbox 1501 2357 1700 2411; x_wconf 88' lang='lat' dir='ltr'>credite</span> <span class='ocrx_word' id='word_1_214' title='bbox 1746 2358 1816 2427; x_wconf 93' lang='lat' dir='ltr'>id,</span> 
     </span>
     <span class='ocr_line' id='line_1_31' title="bbox 229 2430 1817 2504; baseline 0.004 -22"><span class='ocrx_word' id='word_1_215' title='bbox 229 2430 372 2501; x_wconf 90' lang='lat' dir='ltr'>quod</span> <span class='ocrx_word' id='word_1_216' title='bbox 407 2431 511 2500; x_wconf 87' lang='lat' dir='ltr'>ipsi</span> <span class='ocrx_word' id='word_1_217' title='bbox 546 2431 772 2500; x_wconf 82' lang='lat' dir='ltr'>videtis:</span> <span class='ocrx_word' id='word_1_218' title='bbox 809 2432 921 2486; x_wconf 81' lang='lat' dir='ltr'>haec</span> <span class='ocrx_word' id='word_1_219' title='bbox 957 2433 1087 2486; x_wconf 87' lang='lat' dir='ltr'>fides</span> <span class='ocrx_word' id='word_1_220' title='bbox 1122 2439 1284 2503; x_wconf 89' lang='lat' dir='ltr'>atque</span> <span class='ocrx_word' id='word_1_221' title='bbox 1319 2434 1433 2486; x_wconf 73' lang='lat' dir='ltr'>haec</span> <span class='ocrx_word' id='word_1_222' title='bbox 1481 2436 1616 2489; x_wconf 86' lang='lat' dir='ltr'>ratio</span> <span class='ocrx_word' id='word_1_223' title='bbox 1665 2452 1817 2504; x_wconf 89' lang='lat' dir='ltr'>pecu-</span> 
     </span>
     <span class='ocr_line' id='line_1_32' title="bbox 228 2509 1817 2582; baseline 0.003 -21"><span class='ocrx_word' id='word_1_224' title='bbox 228 2509 455 2572; x_wconf 79' lang='lat' dir='ltr'>niarum,</span> <span class='ocrx_word' id='word_1_225' title='bbox 481 2523 599 2578; x_wconf 81' lang='lat' dir='ltr'>quae</span> <span class='ocrx_word' id='word_1_226' title='bbox 640 2509 830 2576; x_wconf 79' lang='lat' dir='ltr'>Romoe,</span> <span class='ocrx_word' id='word_1_227' title='bbox 869 2527 988 2580; x_wconf 85' lang='lat' dir='ltr'>quae</span> <span class='ocrx_word' id='word_1_228' title='bbox 1026 2511 1082 2561; x_wconf 92' lang='lat' dir='ltr'>in</span> <span class='ocrx_word' id='word_1_229' title='bbox 1119 2511 1230 2562; x_wconf 88' lang='lat' dir='ltr'>foro</span> <span class='ocrx_word' id='word_1_230' title='bbox 1267 2519 1521 2579; x_wconf 81' lang='lat' dir='ltr'>versatur,</span> <span class='ocrx_word' id='word_1_231' title='bbox 1559 2512 1817 2582; x_wconf 82' lang='lat' dir='ltr'>implicita</span> 
     </span>
     <span class='ocr_line' id='line_1_33' title="bbox 229 2577 1816 2655; baseline 0.003 -17"><span class='ocrx_word' id='word_1_232' title='bbox 229 2590 307 2638; x_wconf 86' lang='lat' dir='ltr'>est</span> <span class='ocrx_word' id='word_1_233' title='bbox 350 2602 474 2638; x_wconf 88' lang='lat' dir='ltr'>cum</span> <span class='ocrx_word' id='word_1_234' title='bbox 515 2586 624 2638; x_wconf 89' lang='lat' dir='ltr'>illis</span> <span class='ocrx_word' id='word_1_235' title='bbox 667 2587 905 2655; x_wconf 89' lang='lat' dir='ltr'>pecuniis</span> <span class='ocrx_word' id='word_1_236' title='bbox 943 2587 1193 2640; x_wconf 84' lang='lat' dir='ltr'>Asiaticis</span> <span class='ocrx_word' id='word_1_237' title='bbox 1235 2593 1289 2640; x_wconf 87' lang='lat' dir='ltr'>et</span> <span class='ocrx_word' id='word_1_238' title='bbox 1330 2585 1573 2645; x_wconf 77' lang='lat' dir='ltr'>cohaeret.</span> <span class='ocrx_word' id='word_1_239' title='bbox 1647 2577 1816 2644; x_wconf 78' lang='lat' dir='ltr'>Ruere</span> 
     </span>
     <span class='ocr_line' id='line_1_34' title="bbox 228 2661 1816 2750; baseline 0.006 -35"><span class='ocrx_word' id='word_1_240' title='bbox 228 2661 325 2730; x_wconf 81' lang='lat' dir='ltr'>illa</span> <span class='ocrx_word' id='word_1_241' title='bbox 346 2678 454 2717; x_wconf 85' lang='lat' dir='ltr'>non</span> <span class='ocrx_word' id='word_1_242' title='bbox 478 2664 943 2750; x_wconf 47' lang='lat' dir='ltr'>possunt21333290</span> <span class='ocrx_word' id='word_1_243' title='bbox 967 2681 1076 2719; x_wconf 87' lang='lat' dir='ltr'>non</span> <span class='ocrx_word' id='word_1_244' title='bbox 1100 2664 1284 2721; x_wconf 85' lang='lat' dir='ltr'>eodem</span> <span class='ocrx_word' id='word_1_245' title='bbox 1314 2665 1637 2725; x_wconf 79' lang='lat' dir='ltr'>labefactata</span> <span class='ocrx_word' id='word_1_246' title='bbox 1666 2672 1816 2725; x_wconf 78' lang='lat' dir='ltr'>motu</span> 
     </span>
     <span class='ocr_line' id='line_1_35' title="bbox 92 2865 1406 2927; baseline 0.002 -56"><span class='ocrx_word' id='word_1_247' title='bbox 92 2865 149 2927; x_wconf 79' lang='grc' dir='ltr'>Ι</span> <span class='ocrx_word' id='word_1_248' title='bbox 1391 2871 1406 2893; x_wconf 51' lang='lat'><em>2</em></span> 
     </span>
    </p>
   </div>
  </div>
 </body>
</html>
